@ARTICLE{2011ApJS..197...10B,
   author = {{Barnes}, J.~W. and {Linscott}, E. and {Shporer}, A.},
    title = "{Measurement of the Spin-Orbit Misalignment of KOI-13.01 from Its Gravity-darkened Kepler Transit Lightcurve}",
  journal = {\apjs},
archivePrefix = "arXiv",
   eprint = {1110.3514},
 primaryClass = "astro-ph.EP",
 keywords = {eclipses, stars: individual: KOI-13, techniques: photometric},
     year = 2011,
    month = nov,
   volume = 197,
      eid = {10},
    pages = {10},
      doi = {10.1088/0067-0049/197/1/10},
   adsurl = {http://adsabs.harvard.edu/abs/2011ApJS..197...10B},
  adsnote = {Provided by the SAO/NASA Astrophysics Data System}
}

@ARTICLE{2009ApJ...704..930P,
   author = {{Penev}, K. and {Sasselov}, D. and {Robinson}, F. and {Demarque}, P.
	},
    title = "{Dissipation Efficiency in Turbulent Convective Zones in Low-Mass Stars}",
  journal = {\apj},
archivePrefix = "arXiv",
   eprint = {0810.5145},
 keywords = {binaries: close, convection, hydrodynamics, turbulence},
     year = 2009,
    month = oct,
   volume = 704,
    pages = {930-936},
      doi = {10.1088/0004-637X/704/2/930},
   adsurl = {http://adsabs.harvard.edu/abs/2009ApJ...704..930P},
  adsnote = {Provided by the SAO/NASA Astrophysics Data System}
}
@ARTICLE{2008ApJ...680L..57B,
   author = {{Barnes}, R. and {Go{\'z}dziewski}, K. and {Raymond}, S.~N.},
    title = "{The Successful Prediction of the Extrasolar Planet HD 74156d}",
  journal = {\apjl},
archivePrefix = "arXiv",
   eprint = {0804.4496},
 keywords = {Methods: n-Body Simulations, Stars: Planetary Systems, stars: individual (HD 74156)},
     year = 2008,
    month = jun,
   volume = 680,
    pages = {L57-L60},
      doi = {10.1086/589712},
   adsurl = {http://adsabs.harvard.edu/abs/2008ApJ...680L..57B},
  adsnote = {Provided by the SAO/NASA Astrophysics Data System}
}
@ARTICLE{Rogers_2014,
   author = {{Rogers}, L.}, 
    title = "{Most Planets Larger than 1.6 Earth-Radii are not Rocky}", 
  journal = {\apj, submitted},
   year = 2014
}
@ARTICLE{2007MNRAS.378.1207M,
   author = {{Malmberg}, D. and {de Angeli}, F. and {Davies}, M.~B. and {Church}, R.~P. and 
	{Mackey}, D. and {Wilkinson}, M.~I.},
    title = "{Close encounters in young stellar clusters: implications for planetary systems in the solar neighbourhood}",
  journal = {\mnras},
   eprint = {astro-ph/0702524},
 keywords = {stellar dynamics, celestial mechanics, binaries: general, planetary systems, open clusters and associations: general},
     year = 2007,
    month = jul,
   volume = 378,
    pages = {1207-1216},
      doi = {10.1111/j.1365-2966.2007.11885.x},
   adsurl = {http://adsabs.harvard.edu/abs/2007MNRAS.378.1207M},
  adsnote = {Provided by the SAO/NASA Astrophysics Data System}
}

@ARTICLE{2011ApJ...742L..24K,
   author = {{Kaib}, N.~A. and {Raymond}, S.~N. and {Duncan}, M.~J.},
    title = "{55 Cancri: A Coplanar Planetary System That is Likely Misaligned with Its Star}",
  journal = {\apjl},
archivePrefix = "arXiv",
   eprint = {1110.5911},
 primaryClass = "astro-ph.EP",
 keywords = {planets and satellites: detection, planets and satellites: dynamical evolution and stability, planets and satellites: formation, planets and satellites: general},
     year = 2011,
    month = dec,
   volume = 742,
      eid = {L24},
    pages = {L24},
      doi = {10.1088/2041-8205/742/2/L24},
   adsurl = {http://adsabs.harvard.edu/abs/2011ApJ...742L..24K},
  adsnote = {Provided by the SAO/NASA Astrophysics Data System}
}

@ARTICLE{2001ApJ...553..999I,
   author = {{Ikoma}, M. and {Emori}, H. and {Nakazawa}, K.},
    title = "{Formation of Giant Planets in Dense Nebulae: Critical Core Mass Revisited}",
  journal = {\apj},
 keywords = {Accretion, Accretion Disks, Stars: Planetary Systems: Formation, Solar System: Formation},
     year = 2001,
    month = jun,
   volume = 553,
    pages = {999-1005},
      doi = {10.1086/320954},
   adsurl = {http://adsabs.harvard.edu/abs/2001ApJ...553..999I},
  adsnote = {Provided by the SAO/NASA Astrophysics Data System}
}
@ARTICLE{2009MNRAS.396.1789P,
   author = {{Pont}, F.},
    title = "{Empirical evidence for tidal evolution in transiting planetary systems}",
  journal = {\mnras},
archivePrefix = "arXiv",
   eprint = {0812.1463},
 keywords = {planetary systems},
     year = 2009,
    month = jul,
   volume = 396,
    pages = {1789-1796},
      doi = {10.1111/j.1365-2966.2009.14868.x},
   adsurl = {http://adsabs.harvard.edu/abs/2009MNRAS.396.1789P},
  adsnote = {Provided by the SAO/NASA Astrophysics Data System}
}

@ARTICLE{2012A&A...544A.124B,
   author = {{Bolmont}, E. and {Raymond}, S.~N. and {Leconte}, J. and {Matt}, S.~P.
	},
    title = "{Effect of the stellar spin history on the tidal evolution of close-in planets}",
  journal = {\aap},
archivePrefix = "arXiv",
   eprint = {1207.2127},
 primaryClass = "astro-ph.EP",
 keywords = {stars: rotation, planets and satellites: dynamical evolution and stability, planet-star interactions},
     year = 2012,
    month = aug,
   volume = 544,
      eid = {A124},
    pages = {A124},
      doi = {10.1051/0004-6361/201219645},
   adsurl = {http://adsabs.harvard.edu/abs/2012A%26A...544A.124B},
  adsnote = {Provided by the SAO/NASA Astrophysics Data System}
}
@ARTICLE{2002Icar..156..570M,
   author = {{Marzari}, F. and {Weidenschilling}, S.~J.},
    title = "{Eccentric Extrasolar Planets: The Jumping Jupiter Model}",
  journal = {\icarus},
     year = 2002,
    month = apr,
   volume = 156,
    pages = {570-579},
      doi = {10.1006/icar.2001.6786},
   adsurl = {http://adsabs.harvard.edu/abs/2002Icar..156..570M},
  adsnote = {Provided by the SAO/NASA Astrophysics Data System}
}

@ARTICLE{1996Icar..119..261C,
   author = {{Chambers}, J.~E. and {Wetherill}, G.~W. and {Boss}, A.~P.},
    title = "{The Stability of Multi-Planet Systems}",
  journal = {\icarus},
     year = 1996,
    month = feb,
   volume = 119,
    pages = {261-268},
      doi = {10.1006/icar.1996.0019},
   adsurl = {http://adsabs.harvard.edu/abs/1996Icar..119..261C},
  adsnote = {Provided by the SAO/NASA Astrophysics Data System}
}


@BOOK{2001icbs.book.....H,
   author = {{Hilditch}, R.~W.},
    title = "{An Introduction to Close Binary Stars}",
booktitle = {An Introduction to Close Binary Stars, by R.~W.~Hilditch, pp.~392.~ISBN 0521241065.~Cambridge, UK: Cambridge University Press, March 2001.},
     year = 2001,
    month = may,
   adsurl = {http://adsabs.harvard.edu/abs/2001icbs.book.....H},
  adsnote = {Provided by the SAO/NASA Astrophysics Data System}
}
@ARTICLE{2013Natur.503..377P,
   author = {{Pepe}, F. and {Cameron}, A.~C. and {Latham}, D.~W. and {Molinari}, E. and 
	{Udry}, S. and {Bonomo}, A.~S. and {Buchhave}, L.~A. and {Charbonneau}, D. and 
	{Cosentino}, R. and {Dressing}, C.~D. and {Dumusque}, X. and 
	{Figueira}, P. and {Fiorenzano}, A.~F.~M. and {Gettel}, S. and 
	{Harutyunyan}, A. and {Haywood}, R.~D. and {Horne}, K. and {Lopez-Morales}, M. and 
	{Lovis}, C. and {Malavolta}, L. and {Mayor}, M. and {Micela}, G. and 
	{Motalebi}, F. and {Nascimbeni}, V. and {Phillips}, D. and {Piotto}, G. and 
	{Pollacco}, D. and {Queloz}, D. and {Rice}, K. and {Sasselov}, D. and 
	{S{\'e}gransan}, D. and {Sozzetti}, A. and {Szentgyorgyi}, A. and 
	{Watson}, C.~A.},
    title = "{An Earth-sized planet with an Earth-like density}",
  journal = {\nat},
archivePrefix = "arXiv",
   eprint = {1310.7987},
 primaryClass = "astro-ph.EP",
     year = 2013,
    month = nov,
   volume = 503,
    pages = {377-380},
      doi = {10.1038/nature12768},
   adsurl = {http://adsabs.harvard.edu/abs/2013Natur.503..377P},
  adsnote = {Provided by the SAO/NASA Astrophysics Data System}
}
@ARTICLE{2006Sci...313.1413R,
   author = {{Raymond}, S.~N. and {Mandell}, A.~M. and {Sigurdsson}, S.},
    title = "{Exotic Earths: Forming Habitable Worlds with Giant Planet Migration}",
  journal = {Science},
   eprint = {astro-ph/0609253},
     year = 2006,
    month = sep,
   volume = 313,
    pages = {1413-1416},
      doi = {10.1126/science.1130461},
   adsurl = {http://adsabs.harvard.edu/abs/2006Sci...313.1413R},
  adsnote = {Provided by the SAO/NASA Astrophysics Data System}
}

@ARTICLE{2005A&A...441..791F,
   author = {{Fogg}, M.~J. and {Nelson}, R.~P.},
    title = "{Oligarchic and giant impact growth of terrestrial planets in the presence of gas giant planet migration}",
  journal = {\aap},
   eprint = {astro-ph/0507180},
 keywords = {planets and satellites: formation, methods: N-body simulations},
     year = 2005,
    month = oct,
   volume = 441,
    pages = {791-806},
      doi = {10.1051/0004-6361:20053453},
   adsurl = {http://adsabs.harvard.edu/abs/2005A%26A...441..791F},
  adsnote = {Provided by the SAO/NASA Astrophysics Data System}
}

@ARTICLE{2013A&A...553L...2C,
   author = {{Cossou}, C. and {Raymond}, S.~N. and {Pierens}, A.},
    title = "{Convergence zones for Type I migration: an inward shift for multiple planet systems}",
  journal = {\aap},
archivePrefix = "arXiv",
   eprint = {1302.2627},
 primaryClass = "astro-ph.EP",
 keywords = {planets and satellites: formation, protoplanetary disks, planet-disk interactions, planetary systems, methods: numerical},
     year = 2013,
    month = may,
   volume = 553,
      eid = {L2},
    pages = {L2},
      doi = {10.1051/0004-6361/201220853},
   adsurl = {http://adsabs.harvard.edu/abs/2013A%26A...553L...2C},
  adsnote = {Provided by the SAO/NASA Astrophysics Data System}
}

@ARTICLE{2009ApJ...699..824O,
   author = {{Ogihara}, M. and {Ida}, S.},
    title = "{N-Body Simulations of Planetary Accretion Around M Dwarf Stars}",
  journal = {\apj},
archivePrefix = "arXiv",
   eprint = {0904.4543},
 primaryClass = "astro-ph.EP",
 keywords = {methods: N-body simulations, planetary systems, planetary systems: formation, planetary systems: protoplanetary disks, stars: low-mass, brown dwarfs},
     year = 2009,
    month = jul,
   volume = 699,
    pages = {824-838},
      doi = {10.1088/0004-637X/699/1/824},
   adsurl = {http://adsabs.harvard.edu/abs/2009ApJ...699..824O},
  adsnote = {Provided by the SAO/NASA Astrophysics Data System}
}

@ARTICLE{2007ApJ...654.1110T,
   author = {{Terquem}, C. and {Papaloizou}, J.~C.~B.},
    title = "{Migration and the Formation of Systems of Hot Super-Earths and Neptunes}",
  journal = {\apj},
   eprint = {astro-ph/0609779},
 keywords = {Stars: Planetary Systems: Formation, Stars: Planetary Systems: Protoplanetary Disks},
     year = 2007,
    month = jan,
   volume = 654,
    pages = {1110-1120},
      doi = {10.1086/509497},
   adsurl = {http://adsabs.harvard.edu/abs/2007ApJ...654.1110T},
  adsnote = {Provided by the SAO/NASA Astrophysics Data System}
}
@ARTICLE{2008MNRAS.384..663R,
   author = {{Raymond}, S.~N. and {Barnes}, R. and {Mandell}, A.~M.},
    title = "{Observable consequences of planet formation models in systems with close-in terrestrial planets}",
  journal = {\mnras},
archivePrefix = "arXiv",
   eprint = {0711.2015},
 keywords = {astrobiology , methods: N-body simulations , methods: numerical , planetary systems: formation , planetary systems: protoplanetary discs},
     year = 2008,
    month = feb,
   volume = 384,
    pages = {663-674},
      doi = {10.1111/j.1365-2966.2007.12712.x},
   adsurl = {http://adsabs.harvard.edu/abs/2008MNRAS.384..663R},
  adsnote = {Provided by the SAO/NASA Astrophysics Data System}
}


@ARTICLE{2011arXiv1109.2497M,
   author = {{Mayor}, M. and {Marmier}, M. and {Lovis}, C. and {Udry}, S. and 
	{S{\'e}gransan}, D. and {Pepe}, F. and {Benz}, W. and {Bertaux}, J.~-. and 
	{Bouchy}, F. and {Dumusque}, X. and {Lo Curto}, G. and {Mordasini}, C. and 
	{Queloz}, D. and {Santos}, N.~C.},
    title = "{The HARPS search for southern extra-solar planets XXXIV. Occurrence, mass distribution and orbital properties of super-Earths and Neptune-mass planets}",
  journal = {ArXiv e-prints},
archivePrefix = "arXiv",
   eprint = {1109.2497},
 primaryClass = "astro-ph.EP",
 keywords = {Astrophysics - Earth and Planetary Astrophysics, Astrophysics - Solar and Stellar Astrophysics},
     year = 2011,
    month = sep,
   adsurl = {http://adsabs.harvard.edu/abs/2011arXiv1109.2497M},
  adsnote = {Provided by the SAO/NASA Astrophysics Data System}
}
@ARTICLE{2011MNRAS.416.1419H,
   author = {{Hori}, Y. and {Ikoma}, M.},
    title = "{Gas giant formation with small cores triggered by envelope pollution by icy planetesimals}",
  journal = {\mnras},
archivePrefix = "arXiv",
   eprint = {1106.2626},
 primaryClass = "astro-ph.EP",
 keywords = {accretion, accretion discs, planets and satellites: formation},
     year = 2011,
    month = sep,
   volume = 416,
    pages = {1419-1429},
      doi = {10.1111/j.1365-2966.2011.19140.x},
   adsurl = {http://adsabs.harvard.edu/abs/2011MNRAS.416.1419H},
  adsnote = {Provided by the SAO/NASA Astrophysics Data System}
}
@ARTICLE{2010Icar..209..616M,
   author = {{Movshovitz}, N. and {Bodenheimer}, P. and {Podolak}, M. and 
	{Lissauer}, J.~J.},
    title = "{Formation of Jupiter using opacities based on detailed grain physics}",
  journal = {\icarus},
archivePrefix = "arXiv",
   eprint = {1005.3875},
 primaryClass = "astro-ph.EP",
     year = 2010,
    month = oct,
   volume = 209,
    pages = {616-624},
      doi = {10.1016/j.icarus.2010.06.009},
   adsurl = {http://adsabs.harvard.edu/abs/2010Icar..209..616M},
  adsnote = {Provided by the SAO/NASA Astrophysics Data System}
}
@ARTICLE{1988LPICo.681....7B,
   author = {{Boss}, A.~P.},
    title = "{3D Solar Nebula Models: Implications for Earth Origin}",
  journal = {LPI Contributions},
     year = 1988,
   volume = 681,
    pages = {7},
   adsurl = {http://adsabs.harvard.edu/abs/1988LPICo.681....7B},
  adsnote = {Provided by the SAO/NASA Astrophysics Data System}
}
@ARTICLE{1982Icar...49..298C,
   author = {{Cameron}, A.~G.~W. and {Decampli}, W.~M. and {Bodenheimer}, P.
	},
    title = "{Evolution of giant gaseous protoplanets embedded in the primitive solar nebula}",
  journal = {\icarus},
 keywords = {Gas Giant Planets, Planetary Evolution, Protoplanets, Solar Corona, Astronomical Models, Terrestrial Planets, Time Dependence},
     year = 1982,
    month = mar,
   volume = 49,
    pages = {298-312},
      doi = {10.1016/0019-1035(82)90038-0},
   adsurl = {http://adsabs.harvard.edu/abs/1982Icar...49..298C},
  adsnote = {Provided by the SAO/NASA Astrophysics Data System}
}
@ARTICLE{2010MNRAS.408L..36N,
   author = {{Nayakshin}, S.},
    title = "{Formation of planets by tidal downsizing of giant planet embryos}",
  journal = {\mnras},
archivePrefix = "arXiv",
   eprint = {1007.4159},
 primaryClass = "astro-ph.EP",
 keywords = {planets and satellites: formation, stars: formation},
     year = 2010,
    month = oct,
   volume = 408,
    pages = {L36-L40},
      doi = {10.1111/j.1745-3933.2010.00923.x},
   adsurl = {http://adsabs.harvard.edu/abs/2010MNRAS.408L..36N},
  adsnote = {Provided by the SAO/NASA Astrophysics Data System}
}
@ARTICLE{2011MNRAS.416.2974N,
   author = {{Nayakshin}, S.},
    title = "{Hot Super Earths: disrupted young jupiters?}",
  journal = {\mnras},
archivePrefix = "arXiv",
   eprint = {1103.1846},
 primaryClass = "astro-ph.EP",
 keywords = {planets and satellites: formation, planet-star interactions, protoplanetary discs},
     year = 2011,
    month = oct,
   volume = 416,
    pages = {2974-2980},
      doi = {10.1111/j.1365-2966.2011.19246.x},
   adsurl = {http://adsabs.harvard.edu/abs/2011MNRAS.416.2974N},
  adsnote = {Provided by the SAO/NASA Astrophysics Data System}
}
@ARTICLE{2011MNRAS.413.1462N,
   author = {{Nayakshin}, S.},
    title = "{Formation of terrestrial planet cores inside giant planet embryos}",
  journal = {\mnras},
archivePrefix = "arXiv",
   eprint = {1007.4165},
 primaryClass = "astro-ph.EP",
 keywords = {planets and satellites: formation, planet-disc interactions},
     year = 2011,
    month = may,
   volume = 413,
    pages = {1462-1478},
      doi = {10.1111/j.1365-2966.2011.18230.x},
   adsurl = {http://adsabs.harvard.edu/abs/2011MNRAS.413.1462N},
  adsnote = {Provided by the SAO/NASA Astrophysics Data System}
}
@ARTICLE{2011ApJ...741..102A,
   author = {{Adams}, E.~R. and {L{\'o}pez-Morales}, M. and {Elliot}, J.~L. and 
	{Seager}, S. and {Osip}, D.~J. and {Holman}, M.~J. and {Winn}, J.~N. and 
	{Hoyer}, S. and {Rojo}, P.},
    title = "{Twenty-one New Light Curves of OGLE-TR-56b: New System Parameters and Limits on Timing Variations}",
  journal = {\apj},
archivePrefix = "arXiv",
   eprint = {1108.4423},
 primaryClass = "astro-ph.EP",
 keywords = {planetary systems, stars: individual: OGLE-TR-56},
     year = 2011,
    month = nov,
   volume = 741,
      eid = {102},
    pages = {102},
      doi = {10.1088/0004-637X/741/2/102},
   adsurl = {http://adsabs.harvard.edu/abs/2011ApJ...741..102A},
  adsnote = {Provided by the SAO/NASA Astrophysics Data System}
}

@ARTICLE{2014arXiv1401.1365K,
   author = {{Kiefer}, F. and {Lecavelier des Etangs}, A. and {Augereau}, J.-C. and 
	{Vidal-Madjar}, A. and {Lagrange}, A.-M. and {Beust}, H.},
    title = "{Exocomets in the circumstellar gas disk of HD 172555}",
  journal = {ArXiv e-prints},
archivePrefix = "arXiv",
   eprint = {1401.1365},
 primaryClass = "astro-ph.EP",
 keywords = {Astrophysics - Earth and Planetary Astrophysics},
     year = 2014,
    month = jan,
   adsurl = {http://adsabs.harvard.edu/abs/2014arXiv1401.1365K},
  adsnote = {Provided by the SAO/NASA Astrophysics Data System}
}
@ARTICLE{1996Icar..124...62P,
   author = {{Pollack}, J.~B. and {Hubickyj}, O. and {Bodenheimer}, P. and 
	{Lissauer}, J.~J. and {Podolak}, M. and {Greenzweig}, Y.},
    title = "{Formation of the Giant Planets by Concurrent Accretion of Solids and Gas}",
  journal = {\icarus},
     year = 1996,
    month = nov,
   volume = 124,
    pages = {62-85},
      doi = {10.1006/icar.1996.0190},
   adsurl = {http://adsabs.harvard.edu/abs/1996Icar..124...62P},
  adsnote = {Provided by the SAO/NASA Astrophysics Data System}
}
@ARTICLE{2002PASP..114..974B,
   author = {{Bakos}, G.~{\'A}. and {L{\'a}z{\'a}r}, J. and {Papp}, I. and 
	{S{\'a}ri}, P. and {Green}, E.~M.},
    title = "{System Description and First Light Curves of the Hungarian Automated Telescope, an Autonomous Observatory for Variability Search}",
  journal = {\pasp},
   eprint = {astro-ph/0206001},
 keywords = {Instrumentation: Miscellaneous, Methods: Data Analysis, Stars: Variables: Other, Techniques: Photometric, Telescopes},
     year = 2002,
    month = sep,
   volume = 114,
    pages = {974-987},
      doi = {10.1086/342382},
   adsurl = {http://adsabs.harvard.edu/abs/2002PASP..114..974B},
  adsnote = {Provided by the SAO/NASA Astrophysics Data System}
}

@ARTICLE{2007prpl.conf..479B,
   author = {{Bouvier}, J. and {Alencar}, S.~H.~P. and {Harries}, T.~J. and 
	{Johns-Krull}, C.~M. and {Romanova}, M.~M.},
    title = "{Magnetospheric Accretion in Classical T Tauri Stars}",
  journal = {Protostars and Planets V},
   eprint = {astro-ph/0603498},
     year = 2007,
    pages = {479-494},
   adsurl = {http://adsabs.harvard.edu/abs/2007prpl.conf..479B},
  adsnote = {Provided by the SAO/NASA Astrophysics Data System}
}

@ARTICLE{2014arXiv1401.3743R,
   author = {{Raymond}, S.~N. and {Cossou}, C.},
    title = "{No universal minimum-mass extrasolar nebula: Evidence against in-situ accretion of systems of hot super-Earths}",
  journal = {ArXiv e-prints},
archivePrefix = "arXiv",
   eprint = {1401.3743},
 primaryClass = "astro-ph.EP",
 keywords = {Astrophysics - Earth and Planetary Astrophysics, Astrophysics - Solar and Stellar Astrophysics},
     year = 2014,
    month = jan,
   adsurl = {http://adsabs.harvard.edu/abs/2014arXiv1401.3743R},
  adsnote = {Provided by the SAO/NASA Astrophysics Data System}
}

@ARTICLE{1993ApJS...88..205L,
   author = {{Lai}, D. and {Rasio}, F.~A. and {Shapiro}, S.~L.},
    title = "{Ellipsoidal figures of equilibrium - Compressible models}",
  journal = {\apjs},
 keywords = {Binary Stars, Compressible Fluids, Computerized Simulation, Dynamic Stability, Ellipsoids, Newtonian Fluids, Stellar Models, Stellar Rotation, Calculus Of Variations, Ejection, Hydrodynamics, Roche Limit, Rotating Fluids, Virial Coefficients},
     year = 1993,
    month = sep,
   volume = 88,
    pages = {205-252},
      doi = {10.1086/191822},
   adsurl = {http://adsabs.harvard.edu/abs/1993ApJS...88..205L},
  adsnote = {Provided by the SAO/NASA Astrophysics Data System}
}

@ARTICLE{2002ApJ...568..377C,
   author = {{Charbonneau}, D. and {Brown}, T.~M. and {Noyes}, R.~W. and 
	{Gilliland}, R.~L.},
    title = "{Detection of an Extrasolar Planet Atmosphere}",
  journal = {\apj},
   eprint = {astro-ph/0111544},
 keywords = {Stars: Binaries: Eclipsing, Stars: Planetary Systems, Stars: Atmospheres, Stars: Individual: Henry Draper Number: HD 209458, Techniques: Photometric},
     year = 2002,
    month = mar,
   volume = 568,
    pages = {377-384},
      doi = {10.1086/338770},
   adsurl = {http://adsabs.harvard.edu/abs/2002ApJ...568..377C},
  adsnote = {Provided by the SAO/NASA Astrophysics Data System}
}
@ARTICLE{2013arXiv1312.2054R,
   author = {{Rappaport}, S. and {Barclay}, T. and {DeVore}, J. and {Rowe.}, J. and 
	{Sanchis-Ojeda}, R. and {Still}, M.},
    title = "{KOI-2700b - A Planet Candidate With Dusty Effluents on a 22-Hour Orbit}",
  journal = {ArXiv e-prints},
archivePrefix = "arXiv",
   eprint = {1312.2054},
 primaryClass = "astro-ph.EP",
 keywords = {Astrophysics - Earth and Planetary Astrophysics},
     year = 2013,
    month = dec,
   adsurl = {http://adsabs.harvard.edu/abs/2013arXiv1312.2054R},
  adsnote = {Provided by the SAO/NASA Astrophysics Data System}
}
@ARTICLE{2011Icar..213....1L,
   author = {{L{\'e}ger}, A. and {Grasset}, O. and {Fegley}, B. and {Codron}, F. and 
	{Albarede}, A.~F. and {Barge}, P. and {Barnes}, R. and {Cance}, P. and 
	{Carpy}, S. and {Catalano}, F. and {Cavarroc}, C. and {Demangeon}, O. and 
	{Ferraz-Mello}, S. and {Gabor}, P. and {Grie{\ss}meier}, J.-M. and 
	{Leibacher}, J. and {Libourel}, G. and {Maurin}, A.-S. and {Raymond}, S.~N. and 
	{Rouan}, D. and {Samuel}, B. and {Schaefer}, L. and {Schneider}, J. and 
	{Schuller}, P.~A. and {Selsis}, F. and {Sotin}, C.},
    title = "{The extreme physical properties of the CoRoT-7b super-Earth}",
  journal = {\icarus},
archivePrefix = "arXiv",
   eprint = {1102.1629},
 primaryClass = "astro-ph.EP",
     year = 2011,
    month = may,
   volume = 213,
    pages = {1-11},
      doi = {10.1016/j.icarus.2011.02.004},
   adsurl = {http://adsabs.harvard.edu/abs/2011Icar..213....1L},
  adsnote = {Provided by the SAO/NASA Astrophysics Data System}
}
@ARTICLE{1979MNRAS.186..799L,
   author = {{Lin}, D.~N.~C. and {Papaloizou}, J.},
    title = "{Tidal torques on accretion discs in binary systems with extreme mass ratios}",
  journal = {\mnras},
 keywords = {Angular Momentum, Binary Stars, Momentum Transfer, Stellar Mass Accretion, Stellar Rotation, Transport Properties, Disks (Shapes), Dwarf Stars, Energy Dissipation, Light Curve, Mass Ratios, Novae, Reynolds Number, Tides, Torque},
     year = 1979,
    month = mar,
   volume = 186,
    pages = {799-812},
   adsurl = {http://adsabs.harvard.edu/abs/1979MNRAS.186..799L},
  adsnote = {Provided by the SAO/NASA Astrophysics Data System}
}

@ARTICLE{2009PASP..121..952D,
   author = {{Deming}, D. and {Seager}, S. and {Winn}, J. and {Miller-Ricci}, E. and 
	{Clampin}, M. and {Lindler}, D. and {Greene}, T. and {Charbonneau}, D. and 
	{Laughlin}, G. and {Ricker}, G. and {Latham}, D. and {Ennico}, K.
	},
    title = "{Discovery and Characterization of Transiting Super Earths Using an All-Sky Transit Survey and Follow-up by the James Webb Space Telescope}",
  journal = {\pasp},
archivePrefix = "arXiv",
   eprint = {0903.4880},
 primaryClass = "astro-ph.EP",
 keywords = {Extrasolar Planets},
     year = 2009,
    month = sep,
   volume = 121,
    pages = {952-967},
      doi = {10.1086/605913},
   adsurl = {http://adsabs.harvard.edu/abs/2009PASP..121..952D},
  adsnote = {Provided by the SAO/NASA Astrophysics Data System}
}


@ARTICLE{2012PhRvL.108k1101W,
   author = {{Wilson}, H.~F. and {Militzer}, B.},
    title = "{Rocky Core Solubility in Jupiter and Giant Exoplanets}",
  journal = {Physical Review Letters},
archivePrefix = "arXiv",
   eprint = {1111.6309},
 primaryClass = "astro-ph.EP",
 keywords = {Interiors, Solubility, Jupiter},
     year = 2012,
    month = mar,
   volume = 108,
   number = 11,
      eid = {111101},
    pages = {111101},
      doi = {10.1103/PhysRevLett.108.111101},
   adsurl = {http://adsabs.harvard.edu/abs/2012PhRvL.108k1101W},
  adsnote = {Provided by the SAO/NASA Astrophysics Data System}
}

@BOOK{1959cbs..book.....K,
   author = {{Kopal}, Z.},
    title = "{Close binary systems}",
 keywords = {CLOSE BINARY STARS},
booktitle = {The International Astrophysics Series, London: Chapman {\amp} Hall, 1959},
     year = 1959,
   adsurl = {http://adsabs.harvard.edu/abs/1959cbs..book.....K},
  adsnote = {Provided by the SAO/NASA Astrophysics Data System}
}

@ARTICLE{2007PASP..119..986B,
   author = {{Barnes}, J.~W.},
    title = "{Effects of Orbital Eccentricity on Extrasolar Planet Transit Detectability and Light Curves}",
  journal = {\pasp},
archivePrefix = "arXiv",
   eprint = {0708.0243},
 keywords = {Extrasolar Planets},
     year = 2007,
    month = sep,
   volume = 119,
    pages = {986-993},
      doi = {10.1086/522039},
   adsurl = {http://adsabs.harvard.edu/abs/2007PASP..119..986B},
  adsnote = {Provided by the SAO/NASA Astrophysics Data System}
}

@ARTICLE{2005ApJ...622.1118O,
   author = {{Ohta}, Y. and {Taruya}, A. and {Suto}, Y.},
    title = "{The Rossiter-McLaughlin Effect and Analytic Radial Velocity Curves for Transiting Extrasolar Planetary Systems}",
  journal = {\apj},
   eprint = {astro-ph/0410499},
 keywords = {Stars: Planetary Systems, Stars: Individual: Henry Draper Number: HD 209458, Techniques: Spectroscopic},
     year = 2005,
    month = apr,
   volume = 622,
    pages = {1118-1135},
      doi = {10.1086/428344},
   adsurl = {http://adsabs.harvard.edu/abs/2005ApJ...622.1118O},
  adsnote = {Provided by the SAO/NASA Astrophysics Data System}
}
@ARTICLE{2013AN....334..180S,
   author = {{Sanchis-Ojeda}, R. and {Winn}, J.~N. and {Fabrycky}, D.~C.},
    title = "{Starspots and spin-orbit alignment for Kepler cool host stars}",
  journal = {Astronomische Nachrichten},
archivePrefix = "arXiv",
   eprint = {1211.2002},
 primaryClass = "astro-ph.EP",
 keywords = {planetary systems, starspots, techniques: photometric},
     year = 2013,
    month = feb,
   volume = 334,
    pages = {180-183},
      doi = {10.1002/asna.201211765},
   adsurl = {http://adsabs.harvard.edu/abs/2013AN....334..180S},
  adsnote = {Provided by the SAO/NASA Astrophysics Data System}
}

@ARTICLE{2012Natur.491..418B,
   author = {{Batygin}, K.},
    title = "{A primordial origin for misalignments between stellar spin axes and planetary orbits}",
  journal = {\nat},
     year = 2012,
    month = nov,
   volume = 491,
    pages = {418-420},
      doi = {10.1038/nature11560},
   adsurl = {http://adsabs.harvard.edu/abs/2012Natur.491..418B},
  adsnote = {Provided by the SAO/NASA Astrophysics Data System}
}

@ARTICLE{2012MNRAS.423..486L,
   author = {{Lai}, D.},
    title = "{Tidal dissipation in planet-hosting stars: damping of spin-orbit misalignment and survival of hot Jupiters}",
  journal = {\mnras},
archivePrefix = "arXiv",
   eprint = {1109.4703},
 primaryClass = "astro-ph.EP",
 keywords = {hydrodynamics, waves, binaries: close, planetary systems, stars: rotation},
     year = 2012,
    month = jun,
   volume = 423,
    pages = {486-492},
      doi = {10.1111/j.1365-2966.2012.20893.x},
   adsurl = {http://adsabs.harvard.edu/abs/2012MNRAS.423..486L},
  adsnote = {Provided by the SAO/NASA Astrophysics Data System}
}

@ARTICLE{2013arXiv1311.0248T,
   author = {{Tenenbaum}, P. and {Jenkins}, J.~M. and {Seader}, S. and {Burke}, C.~J. and 
	{Christiansen}, J.~L. and {Rowe}, J.~F. and {Caldwell}, D.~A. and 
	{Clarke}, B.~D. and {Coughlin}, J.~L. and {Li}, J. and {Quintana}, E.~V. and 
	{Smith}, J.~C. and {Thompson}, S.~E. and {Twicken}, J.~D. and 
	{Haas}, M.~R. and {Henze}, C.~E. and {Hunter}, R.~C. and {Sanderfer}, D.~T. and 
	{Campbell}, J.~R. and {Girouard}, F.~R. and {Klaus}, T.~C. and 
	{McCauliff}, S.~D. and {Middour}, C.~K. and {Sabale}, A. and 
	{Kamal Uddin}, A. and {Wohler}, B. and {Barclay}, T. and {Still}, M.
	},
    title = "{Detection of Potential Transit Signals in Sixteen Quarters of Kepler Mission Data}",
  journal = {ArXiv e-prints},
archivePrefix = "arXiv",
   eprint = {1311.0248},
 primaryClass = "astro-ph.EP",
 keywords = {Astrophysics - Earth and Planetary Astrophysics},
     year = 2013,
    month = nov,
   adsurl = {http://adsabs.harvard.edu/abs/2013arXiv1311.0248T},
  adsnote = {Provided by the SAO/NASA Astrophysics Data System}
}

@ARTICLE{2004ApJ...604..388I,
   author = {{Ida}, S. and {Lin}, D.~N.~C.},
    title = "{Toward a Deterministic Model of Planetary Formation. I. A Desert in the Mass and Semimajor Axis Distributions of Extrasolar Planets}",
  journal = {\apj},
   eprint = {astro-ph/0312144},
 keywords = {Planets and Satellites: Formation, Solar System: Formation, Stars: Statistics},
     year = 2004,
    month = mar,
   volume = 604,
    pages = {388-413},
      doi = {10.1086/381724},
   adsurl = {http://adsabs.harvard.edu/abs/2004ApJ...604..388I},
  adsnote = {Provided by the SAO/NASA Astrophysics Data System}
}

@ARTICLE{2004ApJ...616..567I,
   author = {{Ida}, S. and {Lin}, D.~N.~C.},
    title = "{Toward a Deterministic Model of Planetary Formation. II. The Formation and Retention of Gas Giant Planets around Stars with a Range of Metallicities}",
  journal = {\apj},
 keywords = {Stars: Planetary Systems: Formation, Solar System: Formation, Stars: Statistics},
     year = 2004,
    month = nov,
   volume = 616,
    pages = {567-572},
      doi = {10.1086/424830},
   adsurl = {http://adsabs.harvard.edu/abs/2004ApJ...616..567I},
  adsnote = {Provided by the SAO/NASA Astrophysics Data System}
}
@ARTICLE{2013arXiv1311.0329L,
   author = {{Lopez}, E.~D. and {Fortney}, J.~J.},
    title = "{Understanding the Mass-Radius Relation for Sub-Neptunes: Radius as a Proxy for Composition}",
  journal = {ArXiv e-prints},
archivePrefix = "arXiv",
   eprint = {1311.0329},
 primaryClass = "astro-ph.EP",
 keywords = {Astrophysics - Earth and Planetary Astrophysics},
     year = 2013,
    month = nov,
   adsurl = {http://adsabs.harvard.edu/abs/2013arXiv1311.0329L},
  adsnote = {Provided by the SAO/NASA Astrophysics Data System}
}
@ARTICLE{2006ApJ...647L.163B,
   author = {{Barnes}, R. and {Greenberg}, R.},
    title = "{Stability Limits in Extrasolar Planetary Systems}",
  journal = {\apjl},
   eprint = {astro-ph/0607210},
 keywords = {Methods: Analytical, Methods: n-Body Simulations, Stars: Planetary Systems, Stars: Individual: Henry Draper Number: HD 12661, Stars: Individual: Constellation Name: 47 Ursae Majoris},
     year = 2006,
    month = aug,
   volume = 647,
    pages = {L163-L166},
      doi = {10.1086/507521},
   adsurl = {http://adsabs.harvard.edu/abs/2006ApJ...647L.163B},
  adsnote = {Provided by the SAO/NASA Astrophysics Data System}
}

@ARTICLE{1993Icar..106..247G,
   author = {{Gladman}, B.},
    title = "{Dynamics of systems of two close planets}",
  journal = {\icarus},
 keywords = {Protoplanets, Planetary Evolution, Planetary Mass, Eccentric Orbits, Chaos, Embryos, Solar System, Pulsars},
     year = 1993,
    month = nov,
   volume = 106,
    pages = {247},
      doi = {10.1006/icar.1993.1169},
   adsurl = {http://adsabs.harvard.edu/abs/1993Icar..106..247G},
  adsnote = {Provided by the SAO/NASA Astrophysics Data System}
}

@INPROCEEDINGS{1985ASSL..113....1P,
   author = {{Paczynski}, B.},
    title = "{Evolution of cataclysmic binaries}",
 keywords = {Binary Stars, Cataclysmic Variables, Stellar Evolution, White Dwarf Stars, Angular Momentum, Gravitational Waves, Mass Ratios, Novae, R Coronae Borealis Stars, Stellar Envelopes, Stellar Mass Accretion, Stellar Motions},
booktitle = {Cataclysmic Variables and Low-Mass X-ray Binaries},
     year = 1985,
   series = {Astrophysics and Space Science Library},
   volume = 113,
   editor = {{Lamb}, D.~Q. and {Patterson}, J.},
    pages = {1-12},
   adsurl = {http://adsabs.harvard.edu/abs/1985ASSL..113....1P},
  adsnote = {Provided by the SAO/NASA Astrophysics Data System}
}
@ARTICLE{2010ApJ...708.1692C,
   author = {{Chang}, S.-H. and {Gu}, P.-G. and {Bodenheimer}, P.~H.},
    title = "{Tidal and Magnetic Interactions Between a Hot Jupiter and its Host Star in the Magnetospheric Cavity of a Protoplanetary Disk}",
  journal = {\apj},
archivePrefix = "arXiv",
   eprint = {0911.4532},
 primaryClass = "astro-ph.EP",
 keywords = {planetary systems: protoplanetary disks, stars: pre-main sequence},
     year = 2010,
    month = jan,
   volume = 708,
    pages = {1692-1702},
      doi = {10.1088/0004-637X/708/2/1692},
   adsurl = {http://adsabs.harvard.edu/abs/2010ApJ...708.1692C},
  adsnote = {Provided by the SAO/NASA Astrophysics Data System}
}

@ARTICLE{2003ApJ...598L.121L,
   author = {{Lammer}, H. and {Selsis}, F. and {Ribas}, I. and {Guinan}, E.~F. and 
	{Bauer}, S.~J. and {Weiss}, W.~W.},
    title = "{Atmospheric Loss of Exoplanets Resulting from Stellar X-Ray and Extreme-Ultraviolet Heating}",
  journal = {\apjl},
 keywords = {Astrobiology, Conduction, Hydrodynamics, Instabilities, Stars: Planetary Systems},
     year = 2003,
    month = dec,
   volume = 598,
    pages = {L121-L124},
      doi = {10.1086/380815},
   adsurl = {http://adsabs.harvard.edu/abs/2003ApJ...598L.121L},
  adsnote = {Provided by the SAO/NASA Astrophysics Data System}
}
@ARTICLE{1985Icar...63..109M,
   author = {{Mizuno}, H. and {Boss}, A.~P.},
    title = "{Tidal disruption of dissipative planetesimals}",
  journal = {\icarus},
 keywords = {ASTRONOMICAL MODELS, DISSIPATION, PLANETARY EVOLUTION, PROTOPLANETS, TIDES, COMPRESSIBLE FLUIDS, EQUATIONS OF MOTION, NONLINEAR EQUATIONS, ROCHE LIMIT, VISCOUS FLUIDS, PLANETS, PLANETESIMALS, TIDAL EFFECTS, DYNAMICS, FORMATION, ROCHE LIMIT, HYPOTHESES, PROCEDURE, TECHNIQUES, CALCULATIONS, ORBITS, DISTANCE, KINEMATICS, VISCOSITY, MASS, ANALYSIS},
     year = 1985,
    month = jul,
   volume = 63,
    pages = {109-133},
      doi = {10.1016/0019-1035(85)90023-5},
   adsurl = {http://adsabs.harvard.edu/abs/1985Icar...63..109M},
  adsnote = {Provided by the SAO/NASA Astrophysics Data System}
}
@ARTICLE{2013ApJ...779..165J,
   author = {{Jackson}, B. and {Stark}, C.~C. and {Adams}, E.~R. and {Chambers}, J. and 
	{Deming}, D.},
    title = "{A Survey for Very Short-period Planets in the Kepler Data}",
  journal = {\apj},
archivePrefix = "arXiv",
   eprint = {1308.1379},
 primaryClass = "astro-ph.EP",
 keywords = {methods: data analysis, planets and satellites: detection, planets and satellites: dynamical evolution and stability, techniques: photometric },
     year = 2013,
    month = dec,
   volume = 779,
      eid = {165},
    pages = {165},
      doi = {10.1088/0004-637X/779/2/165},
   adsurl = {http://adsabs.harvard.edu/abs/2013ApJ...779..165J},
  adsnote = {Provided by the SAO/NASA Astrophysics Data System}
}

@ARTICLE{2009AREPS..37..321C,
   author = {{Chambers}, J.~E.},
    title = "{Planetary Migration: What Does It Mean for Planet Formation?}",
  journal = {Annual Review of Earth and Planetary Sciences},
     year = 2009,
    month = may,
   volume = 37,
    pages = {321-344},
      doi = {10.1146/annurev.earth.031208.100122},
   adsurl = {http://adsabs.harvard.edu/abs/2009AREPS..37..321C},
  adsnote = {Provided by the SAO/NASA Astrophysics Data System}
}
@ARTICLE{Penev2014,
   author = {{Penev}, K. and {Zhang}, M. and {Jackson}, B.
        },
    title = "{\textbf{P}LANETARY \textbf{O}RBITAL \textbf{E}VOLUTION DUE TO \textbf{T}IDES}",
  journal = {in prep.},
     year = 2014
}

@ARTICLE{2013Natur.503..381H,
   author = {{Howard}, A.~W. and {Sanchis-Ojeda}, R. and {Marcy}, G.~W. and 
	{Johnson}, J.~A. and {Winn}, J.~N. and {Isaacson}, H. and {Fischer}, D.~A. and 
	{Fulton}, B.~J. and {Sinukoff}, E. and {Fortney}, J.~J.},
    title = "{A rocky composition for an Earth-sized exoplanet}",
  journal = {\nat},
archivePrefix = "arXiv",
   eprint = {1310.7988},
 primaryClass = "astro-ph.EP",
     year = 2013,
    month = nov,
   volume = 503,
    pages = {381-384},
      doi = {10.1038/nature12767},
   adsurl = {http://adsabs.harvard.edu/abs/2013Natur.503..381H},
  adsnote = {Provided by the SAO/NASA Astrophysics Data System}
}

@ARTICLE{2003ApJ...585.1038S,
   author = {{Seager}, S. and {Mall{\'e}n-Ornelas}, G.},
    title = "{A Unique Solution of Planet and Star Parameters from an Extrasolar Planet Transit Light Curve}",
  journal = {\apj},
   eprint = {astro-ph/0206228},
 keywords = {Stars: Binaries: Eclipsing, Stars: Planetary Systems, Techniques: Photometric},
     year = 2003,
    month = mar,
   volume = 585,
    pages = {1038-1055},
      doi = {10.1086/346105},
   adsurl = {http://adsabs.harvard.edu/abs/2003ApJ...585.1038S},
  adsnote = {Provided by the SAO/NASA Astrophysics Data System}
}
@ARTICLE{2013ApJ...766...81F,
   author = {{Fressin}, F. and {Torres}, G. and {Charbonneau}, D. and {Bryson}, S.~T. and 
	{Christiansen}, J. and {Dressing}, C.~D. and {Jenkins}, J.~M. and 
	{Walkowicz}, L.~M. and {Batalha}, N.~M.},
    title = "{The False Positive Rate of Kepler and the Occurrence of Planets}",
  journal = {\apj},
archivePrefix = "arXiv",
   eprint = {1301.0842},
 primaryClass = "astro-ph.EP",
 keywords = {binaries: eclipsing, methods: data analysis, methods: statistical, planetary systems },
     year = 2013,
    month = apr,
   volume = 766,
      eid = {81},
    pages = {81},
      doi = {10.1088/0004-637X/766/2/81},
   adsurl = {http://adsabs.harvard.edu/abs/2013ApJ...766...81F},
  adsnote = {Provided by the SAO/NASA Astrophysics Data System}
}

@ARTICLE{2007A&A...472..329E,
   author = {{Erkaev}, N.~V. and {Kulikov}, Y.~N. and {Lammer}, H. and {Selsis}, F. and 
	{Langmayr}, D. and {Jaritz}, G.~F. and {Biernat}, H.~K.},
    title = "{Roche lobe effects on the atmospheric loss from ``Hot Jupiters''}",
  journal = {\aap},
   eprint = {astro-ph/0612729},
 keywords = {hydrodynamics, atmospheric effects, stars: activity, planets and satellites: general},
     year = 2007,
    month = sep,
   volume = 472,
    pages = {329-334},
      doi = {10.1051/0004-6361:20066929},
   adsurl = {http://adsabs.harvard.edu/abs/2007A%26A...472..329E},
  adsnote = {Provided by the SAO/NASA Astrophysics Data System}
}

@ARTICLE{2009ApJ...693...23M,
   author = {{Murray-Clay}, R.~A. and {Chiang}, E.~I. and {Murray}, N.},
    title = "{Atmospheric Escape From Hot Jupiters}",
  journal = {\apj},
archivePrefix = "arXiv",
   eprint = {0811.0006},
 keywords = {hydrodynamics, planetary systems, stars: individual: HD 209458},
     year = 2009,
    month = mar,
   volume = 693,
    pages = {23-42},
      doi = {10.1088/0004-637X/693/1/23},
   adsurl = {http://adsabs.harvard.edu/abs/2009ApJ...693...23M},
  adsnote = {Provided by the SAO/NASA Astrophysics Data System}
}

@ARTICLE{2005ApJ...622..680R,
   author = {{Ribas}, I. and {Guinan}, E.~F. and {G{\"u}del}, M. and {Audard}, M.
	},
    title = "{Evolution of the Solar Activity over Time and Effects on Planetary Atmospheres. I. High-Energy Irradiances (1-1700 {\AA})}",
  journal = {\apj},
   eprint = {astro-ph/0412253},
 keywords = {Sun: Solar-terrestrial Relations, Stars: Activity, Stars: Chromospheres, Stars: Coronae, Stars: Late-Type, Sun: Evolution},
     year = 2005,
    month = mar,
   volume = 622,
    pages = {680-694},
      doi = {10.1086/427977},
   adsurl = {http://adsabs.harvard.edu/abs/2005ApJ...622..680R},
  adsnote = {Provided by the SAO/NASA Astrophysics Data System}
}

@ARTICLE{2010ApJ...723.1703D,
   author = {{Debes}, J.~H. and {Jackson}, B.},
    title = "{Too Little, Too Late: How the Tidal Evolution of Hot Jupiters Affects Transit Surveys of Clusters}",
  journal = {\apj},
archivePrefix = "arXiv",
   eprint = {1009.1399},
 primaryClass = "astro-ph.EP",
 keywords = {globular clusters: individual: 47 Tuc, methods: numerical, planetary systems},
     year = 2010,
    month = nov,
   volume = 723,
    pages = {1703-1710},
      doi = {10.1088/0004-637X/723/2/1703},
   adsurl = {http://adsabs.harvard.edu/abs/2010ApJ...723.1703D},
  adsnote = {Provided by the SAO/NASA Astrophysics Data System}
}

@ARTICLE{2012ApJ...751...96P,
   author = {{Penev}, K. and {Jackson}, B. and {Spada}, F. and {Thom}, N.
	},
    title = "{Constraining Tidal Dissipation in Stars from the Destruction Rates of Exoplanets}",
  journal = {\apj},
archivePrefix = "arXiv",
   eprint = {1205.1803},
 primaryClass = "astro-ph.EP",
 keywords = {convection, planet-star interactions, stars: interiors, stars: rotation, stars: winds, outflows, turbulence},
     year = 2012,
    month = jun,
   volume = 751,
      eid = {96},
    pages = {96},
      doi = {10.1088/0004-637X/751/2/96},
   adsurl = {http://adsabs.harvard.edu/abs/2012ApJ...751...96P},
  adsnote = {Provided by the SAO/NASA Astrophysics Data System}
}

@ARTICLE{2001ApJ...548.1029S,
   author = {{Shu}, F.~H. and {Shang}, H. and {Gounelle}, M. and {Glassgold}, A.~E. and 
	{Lee}, T.},
    title = "{The Origin of Chondrules and Refractory Inclusions in Chondritic Meteorites}",
  journal = {\apj},
 keywords = {Meteors, Meteoroids, Solar System: Formation, Stars: Formation},
     year = 2001,
    month = feb,
   volume = 548,
    pages = {1029-1050},
      doi = {10.1086/319018},
   adsurl = {http://adsabs.harvard.edu/abs/2001ApJ...548.1029S},
  adsnote = {Provided by the SAO/NASA Astrophysics Data System}
}

@ARTICLE{1998AREPS..26...53B,
   author = {{Boss}, A.~P.},
    title = "{Temperatures in Protoplanetary Disks}",
  journal = {Annual Review of Earth and Planetary Sciences},
     year = 1998,
   volume = 26,
    pages = {53-80},
      doi = {10.1146/annurev.earth.26.1.53},
   adsurl = {http://adsabs.harvard.edu/abs/1998AREPS..26...53B},
  adsnote = {Provided by the SAO/NASA Astrophysics Data System}
}

@ARTICLE{2003ApJ...591.1220L,
   author = {{Lodders}, K.},
    title = "{Solar System Abundances and Condensation Temperatures of the Elements}",
  journal = {\apj},
 keywords = {Astrochemistry, Meteors, Meteoroids, Solar System: Formation- Sun: Abundances, Sun: Photosphere},
     year = 2003,
    month = jul,
   volume = 591,
    pages = {1220-1247},
      doi = {10.1086/375492},
   adsurl = {http://adsabs.harvard.edu/abs/2003ApJ...591.1220L},
  adsnote = {Provided by the SAO/NASA Astrophysics Data System}
}

@INBOOK{2006mess.book..253E,
   author = {{Ebel}, D.~S.},
    title = "{Condensation of Rocky Material in Astrophysical Environments}",
booktitle = {Meteorites and the Early Solar System II},
     year = 2006,
   editor = {{Lauretta}, D.~S. and {McSween}, H.~Y.},
    pages = {253-277},
   adsurl = {http://adsabs.harvard.edu/abs/2006mess.book..253E},
  adsnote = {Provided by the SAO/NASA Astrophysics Data System}
}

@ARTICLE{2013ApJS..208....4P,
   author = {{Paxton}, B. and {Cantiello}, M. and {Arras}, P. and {Bildsten}, L. and 
	{Brown}, E.~F. and {Dotter}, A. and {Mankovich}, C. and {Montgomery}, M.~H. and 
	{Stello}, D. and {Timmes}, F.~X. and {Townsend}, R.},
    title = "{Modules for Experiments in Stellar Astrophysics (MESA): Planets, Oscillations, Rotation, and Massive Stars}",
  journal = {\apjs},
archivePrefix = "arXiv",
   eprint = {1301.0319},
 primaryClass = "astro-ph.SR",
 keywords = {asteroseismology, methods: numerical, planets and satellites: physical evolution, stars: evolution, stars: massive, stars: rotation},
     year = 2013,
    month = sep,
   volume = 208,
      eid = {4},
    pages = {4},
      doi = {10.1088/0067-0049/208/1/4},
   adsurl = {http://adsabs.harvard.edu/abs/2013ApJS..208....4P},
  adsnote = {Provided by the SAO/NASA Astrophysics Data System}
}

@ARTICLE{1994ApJ...421..615P,
   author = {{Pollack}, J.~B. and {Hollenbach}, D. and {Beckwith}, S. and 
	{Simonelli}, D.~P. and {Roush}, T. and {Fong}, W.},
    title = "{Composition and radiative properties of grains in molecular clouds and accretion disks}",
  journal = {\apj},
 keywords = {ACCRETION DISKS, ASTRONOMICAL MODELS, COSMIC DUST, INTERSTELLAR MATTER, MOLECULAR CLOUDS, STELLAR COMPOSITION, STELLAR MASS ACCRETION, ABUNDANCE, GRAIN SIZE, IRON, OLIVINE, PYROXENES, WATER},
     year = 1994,
    month = feb,
   volume = 421,
    pages = {615-639},
      doi = {10.1086/173677},
   adsurl = {http://adsabs.harvard.edu/abs/1994ApJ...421..615P},
  adsnote = {Provided by the SAO/NASA Astrophysics Data System}
}

@MISC{2010ascl.soft10083P,
   author = {{Paxton}, B. and {Bildsten}, L. and {Dotter}, A. and {Herwig}, F. and 
	{Lesaffre}, P. and {Timmes}, F.},
    title = "{MESA: Modules for Experiments in Stellar Astrophysics}",
     note = {Astrophysics Source Code Library},
     year = 2010,
archivePrefix = "ascl",
   eprint = {1010.083},
    month = oct,
   adsurl = {http://adsabs.harvard.edu/abs/2010ascl.soft10083P},
  adsnote = {Provided by the SAO/NASA Astrophysics Data System}
}

@ARTICLE{2002ApJ...574L..87K,
   author = {{Kuchner}, M.~J. and {Lecar}, M.},
    title = "{Halting Planet Migration in the Evacuated Centers of Protoplanetary Disks}",
  journal = {\apjl},
   eprint = {astro-ph/0206232},
 keywords = {Astrobiology, Stars: Circumstellar Matter, Stars: Planetary Systems: Formation, Stars: Planetary Systems: Protoplanetary Disks, Stars: Formation},
     year = 2002,
    month = jul,
   volume = 574,
    pages = {L87-L89},
      doi = {10.1086/342370},
   adsurl = {http://adsabs.harvard.edu/abs/2002ApJ...574L..87K},
  adsnote = {Provided by the SAO/NASA Astrophysics Data System}
}

@INPROCEEDINGS{2009IAUS..258..363I,
   author = {{Irwin}, J. and {Bouvier}, J.},
    title = "{The rotational evolution of low-mass stars}",
 keywords = {stars: late-type, stars: low-mass, stars: pre{\ndash}main-sequence, stars: rotation},
booktitle = {IAU Symposium},
     year = 2009,
   series = {IAU Symposium},
   volume = 258,
   editor = {{Mamajek}, E.~E. and {Soderblom}, D.~R. and {Wyse}, R.~F.~G.
	},
    month = jun,
    pages = {363-374},
      doi = {10.1017/S1743921309032025},
   adsurl = {http://adsabs.harvard.edu/abs/2009IAUS..258..363I},
  adsnote = {Provided by the SAO/NASA Astrophysics Data System}
}

@ARTICLE{1994ApJ...429..781S,
   author = {{Shu}, F. and {Najita}, J. and {Ostriker}, E. and {Wilkin}, F. and 
	{Ruden}, S. and {Lizano}, S.},
    title = "{Magnetocentrifugally driven flows from young stars and disks. 1: A generalized model}",
  journal = {\apj},
 keywords = {ASTRONOMICAL MODELS, CENTRIFUGAL FORCE, DISK GALAXIES, MAGNETIC FIELDS, MASS FLOW, PROTOSTARS, STELLAR MASS ACCRETION, T TAURI STARS, ANGULAR MOMENTUM, NUMERICAL ANALYSIS, STELLAR WINDS, TERMINAL VELOCITY},
     year = 1994,
    month = jul,
   volume = 429,
    pages = {781-796},
      doi = {10.1086/174363},
   adsurl = {http://adsabs.harvard.edu/abs/1994ApJ...429..781S},
  adsnote = {Provided by the SAO/NASA Astrophysics Data System}
}

@ARTICLE{2011ApJ...740..118L,
   author = {{Lesniak}, M.~V. and {Desch}, S.~J.},
    title = "{Temperature Structure of Protoplanetary Disks Undergoing Layered Accretion}",
  journal = {\apj},
 keywords = {accretion, accretion disks, protoplanetary disks, radiative transfer},
     year = 2011,
    month = oct,
   volume = 740,
      eid = {118},
    pages = {118},
      doi = {10.1088/0004-637X/740/2/118},
   adsurl = {http://adsabs.harvard.edu/abs/2011ApJ...740..118L},
  adsnote = {Provided by the SAO/NASA Astrophysics Data System}
}

@ARTICLE{2013arXiv1307.4000B,
   author = {{Burger}, D. and {Stassun}, K.~G. and {Pepper}, J. and {Siverd}, R.~J. and 
	{Paegert}, M. and {De Lee}, N.~M. and {Robinson}, W.~H.},
    title = "{Filtergraph: An Interactive Web Application for Visualization of Astronomy Datasets}",
  journal = {ArXiv e-prints},
archivePrefix = "arXiv",
   eprint = {1307.4000},
 primaryClass = "astro-ph.IM",
 keywords = {Astrophysics - Instrumentation and Methods for Astrophysics},
     year = 2013,
    month = jul,
   adsurl = {http://adsabs.harvard.edu/abs/2013arXiv1307.4000B},
  adsnote = {Provided by the SAO/NASA Astrophysics Data System}
}

@ARTICLE{2012ApJS..199...30P,
   author = {{Pinsonneault}, M.~H. and {An}, D. and {Molenda-{\.Z}akowicz}, J. and 
	{Chaplin}, W.~J. and {Metcalfe}, T.~S. and {Bruntt}, H.},
    title = "{A Revised Effective Temperature Scale for the Kepler Input Catalog}",
  journal = {\apjs},
archivePrefix = "arXiv",
   eprint = {1110.4456},
 primaryClass = "astro-ph.SR",
 keywords = {stars: fundamental parameters },
     year = 2012,
    month = apr,
   volume = 199,
      eid = {30},
    pages = {30},
      doi = {10.1088/0067-0049/199/2/30},
   adsurl = {http://adsabs.harvard.edu/abs/2012ApJS..199...30P},
  adsnote = {Provided by the SAO/NASA Astrophysics Data System}
}
@ARTICLE{2013ApJ...769...86P,
   author = {{Plavchan}, P. and {Bilinski}, C.},
    title = "{Stars do not Eat Their Young Migrating Planets: Empirical Constraints on Planet Migration Halting Mechanisms}",
  journal = {\apj},
 keywords = {planet-disk interactions, planet-star interactions, protoplanetary disks },
     year = 2013,
    month = jun,
   volume = 769,
      eid = {86},
    pages = {86},
      doi = {10.1088/0004-637X/769/2/86},
   adsurl = {http://adsabs.harvard.edu/abs/2013ApJ...769...86P},
  adsnote = {Provided by the SAO/NASA Astrophysics Data System}
}

@ARTICLE{2013ApJ...762...37L,
   author = {{Liu}, S.-F. and {Guillochon}, J. and {Lin}, D.~N.~C. and {Ramirez-Ruiz}, E.
	},
    title = "{On the Survivability and Metamorphism of Tidally Disrupted Giant Planets: The Role of Dense Cores}",
  journal = {\apj},
archivePrefix = "arXiv",
   eprint = {1211.1971},
 primaryClass = "astro-ph.EP",
 keywords = {equation of state, hydrodynamics, planetary systems, planets and satellites: formation, planets and satellites: interiors, planet-star interactions },
     year = 2013,
    month = jan,
   volume = 762,
      eid = {37},
    pages = {37},
      doi = {10.1088/0004-637X/762/1/37},
   adsurl = {http://adsabs.harvard.edu/abs/2013ApJ...762...37L},
  adsnote = {Provided by the SAO/NASA Astrophysics Data System}
}

@ARTICLE{2011ApJ...732...74G,
   author = {{Guillochon}, J. and {Ramirez-Ruiz}, E. and {Lin}, D.},
    title = "{Consequences of the Ejection and Disruption of Giant Planets}",
  journal = {\apj},
archivePrefix = "arXiv",
   eprint = {1012.2382},
 primaryClass = "astro-ph.EP",
 keywords = {chaos, gravitation, hydrodynamics, planet-star interactions, stars: rotation, ultraviolet: planetary systems},
     year = 2011,
    month = may,
   volume = 732,
      eid = {74},
    pages = {74},
      doi = {10.1088/0004-637X/732/2/74},
   adsurl = {http://adsabs.harvard.edu/abs/2011ApJ...732...74G},
  adsnote = {Provided by the SAO/NASA Astrophysics Data System}
}

@INPROCEEDINGS{Sotin2013_DPS,
   author = {{Sotin}, C. and {Grasset}, O. and {Mocquet}, A.},
    title = "{Are terrestrial exoplanets Earth-like, Venus-like, or the remnants of gas- or ice-giants?}",
booktitle = {AAS/Division for Planetary Sciences Meeting Abstracts \#45},
     year = 2013,
   volume = 45,
    month = oct
}

@ARTICLE{2013ApJ...773L..15R,
   author = {{Rappaport}, S. and {Sanchis-Ojeda}, R. and {Rogers}, L.~A. and 
	{Levine}, A. and {Winn}, J.~N.},
    title = "{The Roche Limit for Close-orbiting Planets: Minimum Density, Composition Constraints, and Application to the 4.2{\nbsp}hr Planet KOI 1843.03}",
  journal = {\apjl},
archivePrefix = "arXiv",
   eprint = {1307.4080},
 primaryClass = "astro-ph.EP",
 keywords = {instabilities, planetary systems, planets and satellites: detection, planets and satellites: individual: KOI 1843 },
     year = 2013,
    month = aug,
   volume = 773,
      eid = {L15},
    pages = {L15},
      doi = {10.1088/2041-8205/773/1/L15},
   adsurl = {http://adsabs.harvard.edu/abs/2013ApJ...773L..15R},
  adsnote = {Provided by the SAO/NASA Astrophysics Data System}
}
@ARTICLE{1994ApJS...90..467D,
   author = {{D'Antona}, F. and {Mazzitelli}, I.},
    title = "{New pre-main-sequence tracks for M less than or equal to 2.5 solar mass as tests of opacities and convection model}",
  journal = {\apjs},
 keywords = {COMBUSTION, COMPUTATIONAL ASTROPHYSICS, DEUTERIUM, HERTZSPRUNG-RUSSELL DIAGRAM, LITHIUM, OPACITY, PRE-MAIN SEQUENCE STARS, STELLAR CONVECTION, STELLAR EVOLUTION, STELLAR MODELS, ABUNDANCE, ATOMIC INTERACTIONS, COMPUTATION, EQUATIONS OF STATE, EQUILIBRIUM METHODS, HYDROSTATICS, NUMERICAL ANALYSIS},
     year = 1994,
    month = jan,
   volume = 90,
    pages = {467-500},
      doi = {10.1086/191867},
   adsurl = {http://adsabs.harvard.edu/abs/1994ApJS...90..467D},
  adsnote = {Provided by the SAO/NASA Astrophysics Data System}
}
@ARTICLE{2010ApJ...714L.238B,
   author = {{Batygin}, K. and {Stevenson}, D.~J.},
    title = "{Inflating Hot Jupiters with Ohmic Dissipation}",
  journal = {\apjl},
archivePrefix = "arXiv",
   eprint = {1002.3650},
 primaryClass = "astro-ph.EP",
 keywords = {magnetohydrodynamics: MHD, methods: analytical, planets and satellites: interiors},
     year = 2010,
    month = may,
   volume = 714,
    pages = {L238-L243},
      doi = {10.1088/2041-8205/714/2/L238},
   adsurl = {http://adsabs.harvard.edu/abs/2010ApJ...714L.238B},
  adsnote = {Provided by the SAO/NASA Astrophysics Data System}
}

@ARTICLE{2011ApJ...735...72G,
   author = {{Gelman}, S.~E. and {Elkins-Tanton}, L.~T. and {Seager}, S.},
    title = "{Effects of Stellar Flux on Tidally Locked Terrestrial Planets: Degree-1 Mantle Convection and Local Magma Ponds}",
  journal = {\apj},
 keywords = {convection, methods: numerical, planetary systems, planets and satellites: general, stars: individual: CoRoT-7 Gliese 581},
     year = 2011,
    month = jul,
   volume = 735,
      eid = {72},
    pages = {72},
      doi = {10.1088/0004-637X/735/2/72},
   adsurl = {http://adsabs.harvard.edu/abs/2011ApJ...735...72G},
  adsnote = {Provided by the SAO/NASA Astrophysics Data System}
}

@ARTICLE{2006ApJ...638L..45F,
   author = {{Ford}, E.~B. and {Rasio}, F.~A.},
    title = "{On the Relation between Hot Jupiters and the Roche Limit}",
  journal = {\apjl},
   eprint = {arXiv:astro-ph/0512632},
 keywords = {Methods: Statistical, Stars: Planetary Systems: Formation},
     year = 2006,
    month = feb,
   volume = 638,
    pages = {L45-L48},
      doi = {10.1086/500734},
   adsurl = {http://adsabs.harvard.edu/abs/2006ApJ...638L..45F},
  adsnote = {Provided by the SAO/NASA Astrophysics Data System}
}

@ARTICLE{2012ApJ...761...59L,
   author = {{Lopez}, E.~D. and {Fortney}, J.~J. and {Miller}, N.},
    title = "{How Thermal Evolution and Mass-loss Sculpt Populations of Super-Earths and Sub-Neptunes: Application to the Kepler-11 System and Beyond}",
  journal = {\apj},
archivePrefix = "arXiv",
   eprint = {1205.0010},
 primaryClass = "astro-ph.EP",
 keywords = {planetary systems, planets and satellites: composition, planets and satellites: formation, planets and satellites: interiors, planets and satellites: physical evolution, stars: individual: Kepler-11 },
     year = 2012,
    month = dec,
   volume = 761,
      eid = {59},
    pages = {59},
      doi = {10.1088/0004-637X/761/1/59},
   adsurl = {http://adsabs.harvard.edu/abs/2012ApJ...761...59L},
  adsnote = {Provided by the SAO/NASA Astrophysics Data System}
}
@ARTICLE{2007ApJ...660..823M,
   author = {{Mandell}, A.~M. and {Raymond}, S.~N. and {Sigurdsson}, S.},
    title = "{Formation of Earth-like Planets During and After Giant Planet Migration}",
  journal = {\apj},
   eprint = {arXiv:astro-ph/0701048},
 keywords = {Astrobiology, Methods: n-Body Simulations, Stars: Planetary Systems: Formation},
     year = 2007,
    month = may,
   volume = 660,
    pages = {823-844},
      doi = {10.1086/512759},
   adsurl = {http://adsabs.harvard.edu/abs/2007ApJ...660..823M},
  adsnote = {Provided by the SAO/NASA Astrophysics Data System}
}
@ARTICLE{2000prpl.conf.1111L,
   author = {{Lin}, D.~N.~C. and {Papaloizou}, J.~C.~B. and {Terquem}, C. and 
	{Bryden}, G. and {Ida}, S.},
    title = "{Orbital Evolution and Planet-Star Tidal Interaction}",
  journal = {Protostars and Planets IV},
     year = 2000,
    month = may,
    pages = {1111},
   adsurl = {http://adsabs.harvard.edu/abs/2000prpl.conf.1111L},
  adsnote = {Provided by the SAO/NASA Astrophysics Data System}
}

@ARTICLE{2013MNRAS.431.3444C,
   author = {{Chiang}, E. and {Laughlin}, G.},
    title = "{The minimum-mass extrasolar nebula: in situ formation of close-in super-Earths}",
  journal = {\mnras},
archivePrefix = "arXiv",
   eprint = {1211.1673},
 primaryClass = "astro-ph.EP",
 keywords = {planets and satellites: atmospheres, planets and satellites: composition, planets and satellites: formation, planets and satellites: general, protoplanetary discs},
     year = 2013,
    month = jun,
   volume = 431,
    pages = {3444-3455},
      doi = {10.1093/mnras/stt424},
   adsurl = {http://adsabs.harvard.edu/abs/2013MNRAS.431.3444C},
  adsnote = {Provided by the SAO/NASA Astrophysics Data System}
}
@INBOOK{2008merc.book..251K,
   author = {{Killen}, R. and {Cremonese}, G. and {Lammer}, H. and {Orsini}, S. and 
	{Potter}, A.~E. and {Sprague}, A.~L. and {Wurz}, P. and {Khodachenko}, M.~L. and 
	{Lichtenegger}, H.~I.~M. and {Milillo}, A. and {Mura}, A.},
    title = "{Processes that Promote and Deplete the Exosphere of Mercury}",
 keywords = {Mercury, Exosphere, Surface composition, Particle release processes},
booktitle = {Mercury, Space Sciences Series of ISSI, Volume 26.~ISBN 978-0-387-77538-8.~Springer Science+Business Media, BV, 2008, p.~251},
     year = 2008,
   editor = {{Balogh}, A. and {Ksanfomality}, L. and {von Steiger}, R.},
    pages = {251},
      doi = {10.1007/978-0-387-77539-5_10},
   adsurl = {http://adsabs.harvard.edu/abs/2008merc.book..251K},
  adsnote = {Provided by the SAO/NASA Astrophysics Data System}
}
@ARTICLE{2013MNRAS.433.2294P,
   author = {{Perez-Becker}, D. and {Chiang}, E.},
    title = "{Catastrophic evaporation of rocky planets}",
  journal = {\mnras},
archivePrefix = "arXiv",
   eprint = {1302.2147},
 primaryClass = "astro-ph.EP",
 keywords = {hydrodynamics, planets and satellites: atmospheres, planets and satellites: composition, planets and satellites: individual: KIC 12557548b, planets and satellites: physical evolution, planet-star interactions},
     year = 2013,
    month = aug,
   volume = 433,
    pages = {2294-2309},
      doi = {10.1093/mnras/stt895},
   adsurl = {http://adsabs.harvard.edu/abs/2013MNRAS.433.2294P},
  adsnote = {Provided by the SAO/NASA Astrophysics Data System}
}
@INPROCEEDINGS{2010EGUGA..1213591S,
   author = {{Shkolnik}, E.},
    title = "{Star-Planet Interactions: The Tidal and Magnetic Influence of Hot Jupiters}",
booktitle = {EGU General Assembly Conference Abstracts},
     year = 2010,
   series = {EGU General Assembly Conference Abstracts},
   volume = 12,
    month = may,
    pages = {13591},
   adsurl = {http://adsabs.harvard.edu/abs/2010EGUGA..1213591S},
  adsnote = {Provided by the SAO/NASA Astrophysics Data System}
}
@ARTICLE{2011ApJ...729...27B,
   author = {{Batalha}, N.~M. and {Borucki}, W.~J. and {Bryson}, S.~T. and 
	{Buchhave}, L.~A. and {Caldwell}, D.~A. and {Christensen-Dalsgaard}, J. and 
	{Ciardi}, D. and {Dunham}, E.~W. and {Fressin}, F. and {Gautier}, III, T.~N. and 
	{Gilliland}, R.~L. and {Haas}, M.~R. and {Howell}, S.~B. and 
	{Jenkins}, J.~M. and {Kjeldsen}, H. and {Koch}, D.~G. and {Latham}, D.~W. and 
	{Lissauer}, J.~J. and {Marcy}, G.~W. and {Rowe}, J.~F. and {Sasselov}, D.~D. and 
	{Seager}, S. and {Steffen}, J.~H. and {Torres}, G. and {Basri}, G.~S. and 
	{Brown}, T.~M. and {Charbonneau}, D. and {Christiansen}, J. and 
	{Clarke}, B. and {Cochran}, W.~D. and {Dupree}, A. and {Fabrycky}, D.~C. and 
	{Fischer}, D. and {Ford}, E.~B. and {Fortney}, J. and {Girouard}, F.~R. and 
	{Holman}, M.~J. and {Johnson}, J. and {Isaacson}, H. and {Klaus}, T.~C. and 
	{Machalek}, P. and {Moorehead}, A.~V. and {Morehead}, R.~C. and 
	{Ragozzine}, D. and {Tenenbaum}, P. and {Twicken}, J. and {Quinn}, S. and 
	{VanCleve}, J. and {Walkowicz}, L.~M. and {Welsh}, W.~F. and 
	{Devore}, E. and {Gould}, A.},
    title = "{Kepler's First Rocky Planet: Kepler-10b}",
  journal = {\apj},
archivePrefix = "arXiv",
   eprint = {1102.0605},
 primaryClass = "astro-ph.EP",
 keywords = {planetary systems, stars: individual: Kepler-10 KIC 11904151 2MASS 19024305+5014286, techniques: photometric, techniques: spectroscopic},
     year = 2011,
    month = mar,
   volume = 729,
      eid = {27},
    pages = {27},
      doi = {10.1088/0004-637X/729/1/27},
   adsurl = {http://adsabs.harvard.edu/abs/2011ApJ...729...27B},
  adsnote = {Provided by the SAO/NASA Astrophysics Data System}
}

@ARTICLE{2007ApJ...659.1661F,
   author = {{Fortney}, J.~J. and {Marley}, M.~S. and {Barnes}, J.~W.},
    title = "{Planetary Radii across Five Orders of Magnitude in Mass and Stellar Insolation: Application to Transits}",
  journal = {\apj},
   eprint = {arXiv:astro-ph/0612671},
 keywords = {Stars: Binaries: Eclipsing, Stars: Planetary Systems},
     year = 2007,
    month = apr,
   volume = 659,
    pages = {1661-1672},
      doi = {10.1086/512120},
   adsurl = {http://adsabs.harvard.edu/abs/2007ApJ...659.1661F},
  adsnote = {Provided by the SAO/NASA Astrophysics Data System}
}
@ARTICLE{2012ApJ...750..112L,
   author = {{Lissauer}, J.~J. and {Marcy}, G.~W. and {Rowe}, J.~F. and {Bryson}, S.~T. and 
	{Adams}, E. and {Buchhave}, L.~A. and {Ciardi}, D.~R. and {Cochran}, W.~D. and 
	{Fabrycky}, D.~C. and {Ford}, E.~B. and {Fressin}, F. and {Geary}, J. and 
	{Gilliland}, R.~L. and {Holman}, M.~J. and {Howell}, S.~B. and 
	{Jenkins}, J.~M. and {Kinemuchi}, K. and {Koch}, D.~G. and {Morehead}, R.~C. and 
	{Ragozzine}, D. and {Seader}, S.~E. and {Tanenbaum}, P.~G. and 
	{Torres}, G. and {Twicken}, J.~D.},
    title = "{Almost All of Kepler's Multiple-planet Candidates Are Planets}",
  journal = {\apj},
archivePrefix = "arXiv",
   eprint = {1201.5424},
 primaryClass = "astro-ph.EP",
 keywords = {planetary systems, planets and satellites: detection, techniques: photometric},
     year = 2012,
    month = may,
   volume = 750,
      eid = {112},
    pages = {112},
      doi = {10.1088/0004-637X/750/2/112},
   adsurl = {http://adsabs.harvard.edu/abs/2012ApJ...750..112L},
  adsnote = {Provided by the SAO/NASA Astrophysics Data System}
}
@ARTICLE{Huang2012,
   author = {{Huang}, X. and {Bakos}, G.~{\'A}. and {Hartman}, J.~D.},
    title = "{150 new transiting planet candidates from Kepler Q1-Q6 data}",
  journal = {ArXiv e-prints},
archivePrefix = "arXiv",
   eprint = {1205.6492v2},
 primaryClass = "astro-ph.EP",
 keywords = {Astrophysics - Earth and Planetary Astrophysics, Astrophysics - Solar and Stellar Astrophysics},
     year = 2012,
    month = oct,
   adsurl = {http://arxiv.org/abs/1205.6492v2},
  adsnote = {Provided by the SAO/NASA Astrophysics Data System}
}
@ARTICLE{2013A&A...555A..58O,
   author = {{Ofir}, A. and {Dreizler}, S.},
    title = "{An independent planet search in the Kepler dataset. I. One hundred new candidates and revised Kepler objects of interest}",
  journal = {\aap},
archivePrefix = "arXiv",
   eprint = {1206.5347},
 primaryClass = "astro-ph.EP",
 keywords = {methods: data analysis, binaries: eclipsing, stars: variables: general, planetary systems, occultations, planets and satellites: detection},
     year = 2013,
    month = jul,
   volume = 555,
      eid = {A58},
    pages = {A58},
      doi = {10.1051/0004-6361/201219877},
   adsurl = {http://adsabs.harvard.edu/abs/2013A%26A...555A..58O},
  adsnote = {Provided by the SAO/NASA Astrophysics Data System}
}

@ARTICLE{2011AJ....142..112B,
   author = {{Brown}, T.~M. and {Latham}, D.~W. and {Everett}, M.~E. and 
	{Esquerdo}, G.~A.},
    title = "{Kepler Input Catalog: Photometric Calibration and Stellar Classification}",
  journal = {\aj},
archivePrefix = "arXiv",
   eprint = {1102.0342},
 primaryClass = "astro-ph.SR",
 keywords = {catalogs, methods: data analysis, surveys, techniques: photometric},
     year = 2011,
    month = oct,
   volume = 142,
      eid = {112},
    pages = {112},
      doi = {10.1088/0004-6256/142/4/112},
   adsurl = {http://adsabs.harvard.edu/abs/2011AJ....142..112B},
  adsnote = {Provided by the SAO/NASA Astrophysics Data System}
}

@ARTICLE{2010A&A...521L..59M,
   author = {{Mazeh}, T. and {Faigler}, S.},
    title = "{Detection of the ellipsoidal and the relativistic beaming effects in the CoRoT-3 lightcurve}",
  journal = {\aap},
archivePrefix = "arXiv",
   eprint = {1008.3028},
 primaryClass = "astro-ph.EP",
 keywords = {methods: data analysis, planetary systems, stars: individual: CoRoT-3},
     year = 2010,
    month = oct,
   volume = 521,
      eid = {L59},
    pages = {L59},
      doi = {10.1051/0004-6361/201015550},
   adsurl = {http://adsabs.harvard.edu/abs/2010A%26A...521L..59M},
  adsnote = {Provided by the SAO/NASA Astrophysics Data System}
}
@ARTICLE{2011AJ....142..195S,
   author = {{Shporer}, A. and {Jenkins}, J.~M. and {Rowe}, J.~F. and {Sanderfer}, D.~T. and 
	{Seader}, S.~E. and {Smith}, J.~C. and {Still}, M.~D. and {Thompson}, S.~E. and 
	{Twicken}, J.~D. and {Welsh}, W.~F.},
    title = "{Detection of KOI-13.01 Using the Photometric Orbit}",
  journal = {\aj},
archivePrefix = "arXiv",
   eprint = {1110.3510},
 primaryClass = "astro-ph.EP",
 keywords = {methods: data analysis, planets and satellites: detection, stars: individual: KOI-13},
     year = 2011,
    month = dec,
   volume = 142,
      eid = {195},
    pages = {195},
      doi = {10.1088/0004-6256/142/6/195},
   adsurl = {http://adsabs.harvard.edu/abs/2011AJ....142..195S},
  adsnote = {Provided by the SAO/NASA Astrophysics Data System}
}
@ARTICLE{Gelman1992,
   author = {{Gelman}, A. and {Rubin}, D.~B.},
    title = "{Inference from iterative simulation using multiple sequences}",
  journal = {Statistical Science},
     year = 1992,
   volume = 7,
    pages = {457-511}
}

@ARTICLE{2013PASP..125...83E,
   author = {{Eastman}, J. and {Gaudi}, B.~S. and {Agol}, E.},
    title = "{EXOFAST: A Fast Exoplanetary Fitting Suite in IDL}",
  journal = {\pasp},
archivePrefix = "arXiv",
   eprint = {1206.5798},
 primaryClass = "astro-ph.IM",
 keywords = {Data Analysis and Techniques},
     year = 2013,
    month = jan,
   volume = 125,
    pages = {83-112},
      doi = {10.1086/669497},
   adsurl = {http://adsabs.harvard.edu/abs/2013PASP..125...83E},
  adsnote = {Provided by the SAO/NASA Astrophysics Data System}
}

@ARTICLE{2005AJ....129.1706F,
   author = {{Ford}, E.~B.},
    title = "{Quantifying the Uncertainty in the Orbits of Extrasolar Planets}",
  journal = {\aj},
   eprint = {arXiv:astro-ph/0305441},
 keywords = {Methods: Statistical, planetary systems: general, Techniques: Radial Velocities},
     year = 2005,
    month = mar,
   volume = 129,
    pages = {1706-1717},
      doi = {10.1086/427962},
   adsurl = {http://adsabs.harvard.edu/abs/2005AJ....129.1706F},
  adsnote = {Provided by the SAO/NASA Astrophysics Data System}
}

@BOOK{2003drea.book.....B,
   author = {{Bevington}, P.~R. and {Robinson}, D.~K.},
    title = "{Data reduction and error analysis for the physical sciences}",
 keywords = {DATA REDUCTIONk DATA PROCESSING},
booktitle = {Data reduction and error analysis for the physical sciences, 3rd ed., by Philip R.~Bevington, and Keith D.~Robinson.~Boston, MA: McGraw-Hill, ISBN 0-07-247227-8, 2003.},
     year = 2003,
   adsurl = {http://adsabs.harvard.edu/abs/2003drea.book.....B},
  adsnote = {Provided by the SAO/NASA Astrophysics Data System}
}
@ARTICLE{2013ApJ...774...54S,
   author = {{Sanchis-Ojeda}, R. and {Rappaport}, S. and {Winn}, J.~N. and 
	{Levine}, A. and {Kotson}, M.~C. and {Latham}, D.~W. and {Buchhave}, L.~A.
	},
    title = "{Transits and Occultations of an Earth-sized Planet in an 8.5{\nbsp}hr Orbit}",
  journal = {\apj},
archivePrefix = "arXiv",
   eprint = {1305.4180},
 primaryClass = "astro-ph.EP",
 keywords = {planetary systems, planets and satellites: atmospheres, planets and satellites: detection },
     year = 2013,
    month = sep,
   volume = 774,
      eid = {54},
    pages = {54},
      doi = {10.1088/0004-637X/774/1/54},
   adsurl = {http://adsabs.harvard.edu/abs/2013ApJ...774...54S},
  adsnote = {Provided by the SAO/NASA Astrophysics Data System}
}


@ARTICLE{2009ApJ...700..832C,
   author = {{Carlberg}, J.~K. and {Majewski}, S.~R. and {Arras}, P.},
    title = "{The Role of Planet Accretion in Creating the Next Generation of Red Giant Rapid Rotators}",
  journal = {\apj},
archivePrefix = "arXiv",
   eprint = {0906.1587},
 primaryClass = "astro-ph.SR",
 keywords = {planetary systems, stars: evolution, stars: rotation},
     year = 2009,
    month = jul,
   volume = 700,
    pages = {832-843},
      doi = {10.1088/0004-637X/700/1/832},
   adsurl = {http://adsabs.harvard.edu/abs/2009ApJ...700..832C},
  adsnote = {Provided by the SAO/NASA Astrophysics Data System}
}

@ARTICLE{2007ApJ...669.1298F,
   author = {{Fabrycky}, D. and {Tremaine}, S.},
    title = "{Shrinking Binary and Planetary Orbits by Kozai Cycles with Tidal Friction}",
  journal = {\apj},
archivePrefix = "arXiv",
   eprint = {0705.4285},
 keywords = {Stars: Binaries: Close, Celestial Mechanics, Methods: Statistical, Stars: Planetary Systems},
     year = 2007,
    month = nov,
   volume = 669,
    pages = {1298-1315},
      doi = {10.1086/521702},
   adsurl = {http://adsabs.harvard.edu/abs/2007ApJ...669.1298F},
  adsnote = {Provided by the SAO/NASA Astrophysics Data System}
}
@ARTICLE{1996Natur.384..619W,
   author = {{Weidenschilling}, S.~J. and {Marzari}, F.},
    title = "{Gravitational scattering as a possible origin for giant planets at small stellar distances}",
  journal = {\nat},
     year = 1996,
    month = dec,
   volume = 384,
    pages = {619-621},
      doi = {10.1038/384619a0},
   adsurl = {http://adsabs.harvard.edu/abs/1996Natur.384..619W},
  adsnote = {Provided by the SAO/NASA Astrophysics Data System}
}


@ARTICLE{1996Sci...274..954R,
   author = {{Rasio}, F.~A. and {Ford}, E.~B.},
    title = "{Dynamical instabilities and the formation of extrasolar planetary systems}",
  journal = {Science},
 keywords = {AEROSPACE SCIENCES, COMPUTERIZED SIMULATION, PLANETARY SYSTEMS, PLANETS, SOLAR SYSTEM, GRAVITATION, ORBITS, STABILITY, UNITS OF MEASUREMENT},
     year = 1996,
    month = nov,
   volume = 274,
    pages = {954-956},
      doi = {10.1126/science.274.5289.954},
   adsurl = {http://adsabs.harvard.edu/abs/1996Sci...274..954R},
  adsnote = {Provided by the SAO/NASA Astrophysics Data System}
}

@ARTICLE{1996Natur.380..606L,
   author = {{Lin}, D.~N.~C. and {Bodenheimer}, P. and {Richardson}, D.~C.
	},
    title = "{Orbital migration of the planetary companion of 51 Pegasi to its present location}",
  journal = {\nat},
     year = 1996,
    month = apr,
   volume = 380,
    pages = {606-607},
      doi = {10.1038/380606a0},
   adsurl = {http://adsabs.harvard.edu/abs/1996Natur.380..606L},
  adsnote = {Provided by the SAO/NASA Astrophysics Data System}
}

@ARTICLE{1996ApJ...470.1187R,
   author = {{Rasio}, F.~A. and {Tout}, C.~A. and {Lubow}, S.~H. and {Livio}, M.
	},
    title = "{Tidal Decay of Close Planetary Orbits}",
  journal = {\apj},
   eprint = {arXiv:astro-ph/9605059},
 keywords = {CELESTIAL MECHANICS, STELLAR DYNAMICS, STARS: PLANETARY SYSTEMS, SOLAR SYSTEM: GENERAL},
     year = 1996,
    month = oct,
   volume = 470,
    pages = {1187},
      doi = {10.1086/177941},
   adsurl = {http://adsabs.harvard.edu/abs/1996ApJ...470.1187R},
  adsnote = {Provided by the SAO/NASA Astrophysics Data System}
}

@ARTICLE{2012ApJ...757..109C,
   author = {{Carlberg}, J.~K. and {Cunha}, K. and {Smith}, V.~V. and {Majewski}, S.~R.
	},
    title = "{Observable Signatures of Planet Accretion in Red Giant Stars. I. Rapid Rotation and Light Element Replenishment}",
  journal = {\apj},
archivePrefix = "arXiv",
   eprint = {1208.1775},
 primaryClass = "astro-ph.SR",
 keywords = {stars: abundances, stars: atmospheres, stars: chemically peculiar, stars: late-type, stars: rotation},
     year = 2012,
    month = oct,
   volume = 757,
      eid = {109},
    pages = {109},
      doi = {10.1088/0004-637X/757/2/109},
   adsurl = {http://adsabs.harvard.edu/abs/2012ApJ...757..109C},
  adsnote = {Provided by the SAO/NASA Astrophysics Data System}
}
@ARTICLE{2008MNRAS.386.1644S,
   author = {{Southworth}, J.},
    title = "{Homogeneous studies of transiting extrasolar planets - I. Light-curve analyses}",
  journal = {\mnras},
archivePrefix = "arXiv",
   eprint = {0802.3764},
 keywords = {binaries: eclipsing , stars: fundamental parameters , planetary systems},
     year = 2008,
    month = may,
   volume = 386,
    pages = {1644-1666},
      doi = {10.1111/j.1365-2966.2008.13145.x},
   adsurl = {http://adsabs.harvard.edu/abs/2008MNRAS.386.1644S},
  adsnote = {Provided by the SAO/NASA Astrophysics Data System}
}

@ARTICLE{2002ApJ...580L.171M,
   author = {{Mandel}, K. and {Agol}, E.},
    title = "{Analytic Light Curves for Planetary Transit Searches}",
  journal = {\apjl},
   eprint = {arXiv:astro-ph/0210099},
 keywords = {Stars: Binaries: Eclipsing, Eclipses, Occultations, Stars: Planetary Systems},
     year = 2002,
    month = dec,
   volume = 580,
    pages = {L171-L175},
      doi = {10.1086/345520},
   adsurl = {http://adsabs.harvard.edu/abs/2002ApJ...580L.171M},
  adsnote = {Provided by the SAO/NASA Astrophysics Data System}
}
@ARTICLE{2011A&A...529A..75C,
   author = {{Claret}, A. and {Bloemen}, S.},
    title = "{Gravity and limb-darkening coefficients for the Kepler, CoRoT, Spitzer, uvby, UBVRIJHK, and Sloan photometric systems}",
  journal = {\aap},
 keywords = {binaries: eclipsing, stars: interiors, stars: rotation, stars: atmospheres, planetary systems},
     year = 2011,
    month = may,
   volume = 529,
      eid = {A75},
    pages = {A75},
      doi = {10.1051/0004-6361/201116451},
   adsurl = {http://adsabs.harvard.edu/abs/2011A%26A...529A..75C},
  adsnote = {Provided by the SAO/NASA Astrophysics Data System}
}

@ARTICLE{2010Sci...330...51H,
   author = {{Holman}, M.~J. and {Fabrycky}, D.~C. and {Ragozzine}, D. and 
	{Ford}, E.~B. and {Steffen}, J.~H. and {Welsh}, W.~F. and {Lissauer}, J.~J. and 
	{Latham}, D.~W. and {Marcy}, G.~W. and {Walkowicz}, L.~M. and 
	{Batalha}, N.~M. and {Jenkins}, J.~M. and {Rowe}, J.~F. and 
	{Cochran}, W.~D. and {Fressin}, F. and {Torres}, G. and {Buchhave}, L.~A. and 
	{Sasselov}, D.~D. and {Borucki}, W.~J. and {Koch}, D.~G. and 
	{Basri}, G. and {Brown}, T.~M. and {Caldwell}, D.~A. and {Charbonneau}, D. and 
	{Dunham}, E.~W. and {Gautier}, T.~N. and {Geary}, J.~C. and 
	{Gilliland}, R.~L. and {Haas}, M.~R. and {Howell}, S.~B. and 
	{Ciardi}, D.~R. and {Endl}, M. and {Fischer}, D. and {F{\"u}r{\'e}sz}, G. and 
	{Hartman}, J.~D. and {Isaacson}, H. and {Johnson}, J.~A. and 
	{MacQueen}, P.~J. and {Moorhead}, A.~V. and {Morehead}, R.~C. and 
	{Orosz}, J.~A.},
    title = "{Kepler-9: A System of Multiple Planets Transiting a Sun-Like Star, Confirmed by Timing Variations}",
  journal = {Science},
     year = 2010,
    month = oct,
   volume = 330,
    pages = {51-},
      doi = {10.1126/science.1195778},
   adsurl = {http://adsabs.harvard.edu/abs/2010Sci...330...51H},
  adsnote = {Provided by the SAO/NASA Astrophysics Data System}
}

@ARTICLE{2012arXiv1206.5347O,
   author = {{Ofir}, A. and {Dreizler}, S.},
    title = "{An Independent Planet Search In The Kepler Dataset. I. A hundred new candidates and revised KOIs}",
  journal = {ArXiv e-prints},
archivePrefix = "arXiv",
   eprint = {1206.5347},
 primaryClass = "astro-ph.EP",
 keywords = {Astrophysics - Earth and Planetary Astrophysics, Astrophysics - Solar and Stellar Astrophysics},
     year = 2012,
    month = jun,
   adsurl = {http://adsabs.harvard.edu/abs/2012arXiv1206.5347O},
  adsnote = {Provided by the SAO/NASA Astrophysics Data System}
}

@ARTICLE{2013ApJS..204...24B,
   author = {{Batalha}, N.~M. and {Rowe}, J.~F. and {Bryson}, S.~T. and {Barclay}, T. and 
	{Burke}, C.~J. and {Caldwell}, D.~A. and {Christiansen}, J.~L. and 
	{Mullally}, F. and {Thompson}, S.~E. and {Brown}, T.~M. and 
	{Dupree}, A.~K. and {Fabrycky}, D.~C. and {Ford}, E.~B. and 
	{Fortney}, J.~J. and {Gilliland}, R.~L. and {Isaacson}, H. and 
	{Latham}, D.~W. and {Marcy}, G.~W. and {Quinn}, S.~N. and {Ragozzine}, D. and 
	{Shporer}, A. and {Borucki}, W.~J. and {Ciardi}, D.~R. and {Gautier}, III, T.~N. and 
	{Haas}, M.~R. and {Jenkins}, J.~M. and {Koch}, D.~G. and {Lissauer}, J.~J. and 
	{Rapin}, W. and {Basri}, G.~S. and {Boss}, A.~P. and {Buchhave}, L.~A. and 
	{Carter}, J.~A. and {Charbonneau}, D. and {Christensen-Dalsgaard}, J. and 
	{Clarke}, B.~D. and {Cochran}, W.~D. and {Demory}, B.-O. and 
	{Desert}, J.-M. and {Devore}, E. and {Doyle}, L.~R. and {Esquerdo}, G.~A. and 
	{Everett}, M. and {Fressin}, F. and {Geary}, J.~C. and {Girouard}, F.~R. and 
	{Gould}, A. and {Hall}, J.~R. and {Holman}, M.~J. and {Howard}, A.~W. and 
	{Howell}, S.~B. and {Ibrahim}, K.~A. and {Kinemuchi}, K. and 
	{Kjeldsen}, H. and {Klaus}, T.~C. and {Li}, J. and {Lucas}, P.~W. and 
	{Meibom}, S. and {Morris}, R.~L. and {Pr{\v s}a}, A. and {Quintana}, E. and 
	{Sanderfer}, D.~T. and {Sasselov}, D. and {Seader}, S.~E. and 
	{Smith}, J.~C. and {Steffen}, J.~H. and {Still}, M. and {Stumpe}, M.~C. and 
	{Tarter}, J.~C. and {Tenenbaum}, P. and {Torres}, G. and {Twicken}, J.~D. and 
	{Uddin}, K. and {Van Cleve}, J. and {Walkowicz}, L. and {Welsh}, W.~F.
	},
    title = "{Planetary Candidates Observed by Kepler. III. Analysis of the First 16 Months of Data}",
  journal = {\apjs},
archivePrefix = "arXiv",
   eprint = {1202.5852},
 primaryClass = "astro-ph.EP",
 keywords = {catalogs, eclipses, planetary systems, space vehicles, techniques: photometric },
     year = 2013,
    month = feb,
   volume = 204,
      eid = {24},
    pages = {24},
      doi = {10.1088/0067-0049/204/2/24},
   adsurl = {http://adsabs.harvard.edu/abs/2013ApJS..204...24B},
  adsnote = {Provided by the SAO/NASA Astrophysics Data System}
}

@ARTICLE{2011AJ....142..160S,
   author = {{Slawson}, R.~W. and {Pr{\v s}a}, A. and {Welsh}, W.~F. and 
	{Orosz}, J.~A. and {Rucker}, M. and {Batalha}, N. and {Doyle}, L.~R. and 
	{Engle}, S.~G. and {Conroy}, K. and {Coughlin}, J. and {Gregg}, T.~A. and 
	{Fetherolf}, T. and {Short}, D.~R. and {Windmiller}, G. and 
	{Fabrycky}, D.~C. and {Howell}, S.~B. and {Jenkins}, J.~M. and 
	{Uddin}, K. and {Mullally}, F. and {Seader}, S.~E. and {Thompson}, S.~E. and 
	{Sanderfer}, D.~T. and {Borucki}, W. and {Koch}, D.},
    title = "{Kepler Eclipsing Binary Stars. II. 2165 Eclipsing Binaries in the Second Data Release}",
  journal = {\aj},
archivePrefix = "arXiv",
   eprint = {1103.1659},
 primaryClass = "astro-ph.SR",
 keywords = {binaries: eclipsing, catalogs, stars: fundamental parameters},
     year = 2011,
    month = nov,
   volume = 142,
      eid = {160},
    pages = {160},
      doi = {10.1088/0004-6256/142/5/160},
   adsurl = {http://adsabs.harvard.edu/abs/2011AJ....142..160S},
  adsnote = {Provided by the SAO/NASA Astrophysics Data System}
}

@ARTICLE{2012ApJ...757...18A,
   author = {{Albrecht}, S. and {Winn}, J.~N. and {Johnson}, J.~A. and {Howard}, A.~W. and 
	{Marcy}, G.~W. and {Butler}, R.~P. and {Arriagada}, P. and {Crane}, J.~D. and 
	{Shectman}, S.~A. and {Thompson}, I.~B. and {Hirano}, T. and 
	{Bakos}, G. and {Hartman}, J.~D.},
    title = "{Obliquities of Hot Jupiter Host Stars: Evidence for Tidal Interactions and Primordial Misalignments}",
  journal = {ApJ},
archivePrefix = "arXiv",
   eprint = {1206.6105},
 primaryClass = "astro-ph.SR",
 keywords = {planetary systems, planets and satellites: formation, planet-star interactions, stars: rotation, techniques: spectroscopic },
     year = 2012,
    month = sep,
   volume = 757,
      eid = {18},
    pages = {18},
      doi = {10.1088/0004-637X/757/1/18},
   adsurl = {http://adsabs.harvard.edu/abs/2012ApJ...757...18A},
  adsnote = {Provided by the SAO/NASA Astrophysics Data System}
}
@ARTICLE{2002A&A...391..369K,
   author = {{Kov{\'a}cs}, G. and {Zucker}, S. and {Mazeh}, T.},
    title = "{A box-fitting algorithm in the search for periodic transits}",
  journal = {\aap},
   eprint = {arXiv:astro-ph/0206099},
 keywords = {methods: data analysis, stars: variables: general, stars: planetary systems, occultations},
     year = 2002,
    month = aug,
   volume = 391,
    pages = {369-377},
      doi = {10.1051/0004-6361:20020802},
   adsurl = {http://adsabs.harvard.edu/abs/2002A%26A...391..369K},
  adsnote = {Provided by the SAO/NASA Astrophysics Data System}
}

@ARTICLE{2009Natur.462..891C,
   author = {{Charbonneau}, D. and {Berta}, Z.~K. and {Irwin}, J. and {Burke}, C.~J. and 
	{Nutzman}, P. and {Buchhave}, L.~A. and {Lovis}, C. and {Bonfils}, X. and 
	{Latham}, D.~W. and {Udry}, S. and {Murray-Clay}, R.~A. and 
	{Holman}, M.~J. and {Falco}, E.~E. and {Winn}, J.~N. and {Queloz}, D. and 
	{Pepe}, F. and {Mayor}, M. and {Delfosse}, X. and {Forveille}, T.
	},
    title = "{A super-Earth transiting a nearby low-mass star}",
  journal = {Nature},
archivePrefix = "arXiv",
   eprint = {0912.3229},
 primaryClass = "astro-ph.EP",
     year = 2009,
    month = dec,
   volume = 462,
    pages = {891-894},
      doi = {10.1038/nature08679},
   adsurl = {http://adsabs.harvard.edu/abs/2009Natur.462..891C},
  adsnote = {Provided by the SAO/NASA Astrophysics Data System}
}

@ARTICLE{2013MNRAS.429.2001H,
   author = {{Huang}, X. and {Bakos}, G.~{\'A}. and {Hartman}, J.~D.},
    title = "{150 new transiting planet candidates from Kepler Q1-Q6 data}",
  journal = {MNRAS},
archivePrefix = "arXiv",
   eprint = {1205.6492},
 primaryClass = "astro-ph.EP",
 keywords = {planets and satellites: detection, planetary systems},
     year = 2013,
    month = mar,
   volume = 429,
    pages = {2001-2018},
      doi = {10.1093/mnras/sts463},
   adsurl = {http://adsabs.harvard.edu/abs/2013MNRAS.429.2001H},
  adsnote = {Provided by the SAO/NASA Astrophysics Data System}
}

@ARTICLE{2012ApJ...752....1R,
   author = {{Rappaport}, S. and {Levine}, A. and {Chiang}, E. and {El Mellah}, I. and 
	{Jenkins}, J. and {Kalomeni}, B. and {Kite}, E.~S. and {Kotson}, M. and 
	{Nelson}, L. and {Rousseau-Nepton}, L. and {Tran}, K.},
    title = "{Possible Disintegrating Short-period Super-Mercury Orbiting KIC 12557548}",
  journal = {ApJ},
archivePrefix = "arXiv",
   eprint = {1201.2662},
 primaryClass = "astro-ph.EP",
 keywords = {eclipses, occultations, planetary systems, planets and satellites: general},
     year = 2012,
    month = jun,
   volume = 752,
      eid = {1},
    pages = {1},
      doi = {10.1088/0004-637X/752/1/1},
   adsurl = {http://adsabs.harvard.edu/abs/2012ApJ...752....1R},
  adsnote = {Provided by the SAO/NASA Astrophysics Data System}
}

@BOOK{2000asqu.book.....C,
   author = {{Cox}, A.~N.},
    title = "{Allen's astrophysical quantities}",
 keywords = {ASTROPHYSICS, ASTRONOMICAL CONSTANTS, TABLES, HANDBOOKS},
booktitle = {Allen's Astrophysical Quantities},
     year = 2000,
   adsurl = {http://adsabs.harvard.edu/abs/2000asqu.book.....C},
  adsnote = {Provided by the SAO/NASA Astrophysics Data System}
}

@ARTICLE{2010ApJ...713L.103B,
   author = {{Batalha}, N.~M. and {Rowe}, J.~F. and {Gilliland}, R.~L. and 
	{Jenkins}, J.~J. and {Caldwell}, D. and {Borucki}, W.~J. and 
	{Koch}, D.~G. and {Lissauer}, J.~J. and {Dunham}, E.~W. and 
	{Gautier}, T.~N. and {Howell}, S.~B. and {Latham}, D.~W. and 
	{Marcy}, G.~W. and {Prsa}, A.},
    title = "{Pre-spectroscopic False-positive Elimination of Kepler Planet Candidates}",
  journal = {\apjl},
archivePrefix = "arXiv",
   eprint = {1001.0392},
 primaryClass = "astro-ph.EP",
 keywords = {binaries: general, planetary systems, techniques: photometric},
     year = 2010,
    month = apr,
   volume = 713,
    pages = {L103-L108},
      doi = {10.1088/2041-8205/713/2/L103},
   adsurl = {http://adsabs.harvard.edu/abs/2010ApJ...713L.103B},
  adsnote = {Provided by the SAO/NASA Astrophysics Data System}
}

@ARTICLE{1974Icar...23...51G,
   author = {{Greenberg}, R.},
    title = "{Outcomes of tidal evolution for orbits with arbitrary inclination}",
  journal = {\icarus},
 keywords = {ASTRONOMICAL MODELS, NATURAL SATELLITES, ORBITAL MECHANICS, TIDES, URANUS (PLANET), ANGULAR MOMENTUM, ENERGY DISSIPATION, SPIN DYNAMICS, SPIN-ORBIT INTERACTIONS, TORQUE, VECTOR CURRENTS},
     year = 1974,
    month = sep,
   volume = 23,
    pages = {51-58},
      doi = {10.1016/0019-1035(74)90103-1},
   adsurl = {http://adsabs.harvard.edu/abs/1974Icar...23...51G},
  adsnote = {Provided by the SAO/NASA Astrophysics Data System}
}

@ARTICLE{2012arXiv1205.2273W,
   author = {{Wright}, J.~T. and {Marcy}, G.~W. and {Howard}, A.~W. and {Johnson}, J.~A. and 
	{Morton}, T. and {Fischer}, D.~A.},
    title = "{The Frequency of Hot Jupiters Orbiting Nearby Solar-Type Stars}",
  journal = {ArXiv e-prints},
archivePrefix = "arXiv",
   eprint = {1205.2273},
 primaryClass = "astro-ph.EP",
 keywords = {Astrophysics - Earth and Planetary Astrophysics, Astrophysics - Solar and Stellar Astrophysics},
     year = 2012,
    month = may,
   adsurl = {http://adsabs.harvard.edu/abs/2012arXiv1205.2273W},
  adsnote = {Provided by the SAO/NASA Astrophysics Data System}
}

@ARTICLE{2009A&A...506..287L,
   author = {{L{\'e}ger}, A. and {Rouan}, D. and {Schneider}, J. and {Barge}, P. and 
	{Fridlund}, M. and {Samuel}, B. and {Ollivier}, M. and {Guenther}, E. and 
	{Deleuil}, M. and {Deeg}, H.~J. and {Auvergne}, M. and {Alonso}, R. and 
	{Aigrain}, S. and {Alapini}, A. and {Almenara}, J.~M. and {Baglin}, A. and 
	{Barbieri}, M. and {Bruntt}, H. and {Bord{\'e}}, P. and {Bouchy}, F. and 
	{Cabrera}, J. and {Catala}, C. and {Carone}, L. and {Carpano}, S. and 
	{Csizmadia}, S. and {Dvorak}, R. and {Erikson}, A. and {Ferraz-Mello}, S. and 
	{Foing}, B. and {Fressin}, F. and {Gandolfi}, D. and {Gillon}, M. and 
	{Gondoin}, P. and {Grasset}, O. and {Guillot}, T. and {Hatzes}, A. and 
	{H{\'e}brard}, G. and {Jorda}, L. and {Lammer}, H. and {Llebaria}, A. and 
	{Loeillet}, B. and {Mayor}, M. and {Mazeh}, T. and {Moutou}, C. and 
	{P{\"a}tzold}, M. and {Pont}, F. and {Queloz}, D. and {Rauer}, H. and 
	{Renner}, S. and {Samadi}, R. and {Shporer}, A. and {Sotin}, C. and 
	{Tingley}, B. and {Wuchterl}, G. and {Adda}, M. and {Agogu}, P. and 
	{Appourchaux}, T. and {Ballans}, H. and {Baron}, P. and {Beaufort}, T. and 
	{Bellenger}, R. and {Berlin}, R. and {Bernardi}, P. and {Blouin}, D. and 
	{Baudin}, F. and {Bodin}, P. and {Boisnard}, L. and {Boit}, L. and 
	{Bonneau}, F. and {Borzeix}, S. and {Briet}, R. and {Buey}, J.-T. and 
	{Butler}, B. and {Cailleau}, D. and {Cautain}, R. and {Chabaud}, P.-Y. and 
	{Chaintreuil}, S. and {Chiavassa}, F. and {Costes}, V. and {Cuna Parrho}, V. and 
	{de Oliveira Fialho}, F. and {Decaudin}, M. and {Defise}, J.-M. and 
	{Djalal}, S. and {Epstein}, G. and {Exil}, G.-E. and {Faur{\'e}}, C. and 
	{Fenouillet}, T. and {Gaboriaud}, A. and {Gallic}, A. and {Gamet}, P. and 
	{Gavalda}, P. and {Grolleau}, E. and {Gruneisen}, R. and {Gueguen}, L. and 
	{Guis}, V. and {Guivarc'h}, V. and {Guterman}, P. and {Hallouard}, D. and 
	{Hasiba}, J. and {Heuripeau}, F. and {Huntzinger}, G. and {Hustaix}, H. and 
	{Imad}, C. and {Imbert}, C. and {Johlander}, B. and {Jouret}, M. and 
	{Journoud}, P. and {Karioty}, F. and {Kerjean}, L. and {Lafaille}, V. and 
	{Lafond}, L. and {Lam-Trong}, T. and {Landiech}, P. and {Lapeyrere}, V. and 
	{Larqu{\'e}}, T. and {Laudet}, P. and {Lautier}, N. and {Lecann}, H. and 
	{Lefevre}, L. and {Leruyet}, B. and {Levacher}, P. and {Magnan}, A. and 
	{Mazy}, E. and {Mertens}, F. and {Mesnager}, J.-M. and {Meunier}, J.-C. and 
	{Michel}, J.-P. and {Monjoin}, W. and {Naudet}, D. and {Nguyen-Kim}, K. and 
	{Orcesi}, J.-L. and {Ottacher}, H. and {Perez}, R. and {Peter}, G. and 
	{Plasson}, P. and {Plesseria}, J.-Y. and {Pontet}, B. and {Pradines}, A. and 
	{Quentin}, C. and {Reynaud}, J.-L. and {Rolland}, G. and {Rollenhagen}, F. and 
	{Romagnan}, R. and {Russ}, N. and {Schmidt}, R. and {Schwartz}, N. and 
	{Sebbag}, I. and {Sedes}, G. and {Smit}, H. and {Steller}, M.~B. and 
	{Sunter}, W. and {Surace}, C. and {Tello}, M. and {Tiph{\`e}ne}, D. and 
	{Toulouse}, P. and {Ulmer}, B. and {Vandermarcq}, O. and {Vergnault}, E. and 
	{Vuillemin}, A. and {Zanatta}, P.},
    title = "{Transiting exoplanets from the CoRoT space mission. VIII. CoRoT-7b: the first super-Earth with measured radius}",
  journal = {Astronomy \& Astrophysics},
archivePrefix = "arXiv",
   eprint = {0908.0241},
 primaryClass = "astro-ph.EP",
 keywords = {techniques: photometric, techniques: spectroscopic, planetary systems, techniques: high angular resolution, techniques: radial velocities},
     year = 2009,
    month = oct,
   volume = 506,
    pages = {287-302},
      doi = {10.1051/0004-6361/200911933},
   adsurl = {http://adsabs.harvard.edu/abs/2009A%26A...506..287L},
  adsnote = {Provided by the SAO/NASA Astrophysics Data System}
}

@ARTICLE{2004ApJ...609.1170S,
   author = {{Saumon}, D. and {Guillot}, T.},
    title = "{Shock Compression of Deuterium and the Interiors of Jupiter and Saturn}",
  journal = {Astrophysical Journal},
   eprint = {arXiv:astro-ph/0403393},
 keywords = {Equation of State, Planets and Satellites: Individual: Jupiter, Planets and Satellites: Individual: Saturn},
     year = 2004,
    month = jul,
   volume = 609,
    pages = {1170-1180},
      doi = {10.1086/421257},
   adsurl = {http://adsabs.harvard.edu/abs/2004ApJ...609.1170S},
  adsnote = {Provided by the SAO/NASA Astrophysics Data System}
}
@INBOOK{2004jpsm.book...35G,
   author = {{Guillot}, T. and {Stevenson}, D.~J. and {Hubbard}, W.~B. and 
	{Saumon}, D.},
    title = "{The interior of Jupiter}",
 keywords = {Jupiter: Interior},
booktitle = {Jupiter.~The Planet, Satellites and Magnetosphere},
     year = 2004,
   editor = {{Bagenal}, F. and {Dowling}, T.~E. and {McKinnon}, W.~B.},
    pages = {35-57},
   adsurl = {http://adsabs.harvard.edu/abs/2004jpsm.book...35G},
  adsnote = {Provided by the SAO/NASA Astrophysics Data System}
}

@ARTICLE{2009ApJ...703L.113S,
   author = {{Schaefer}, L. and {Fegley}, B.},
    title = "{Chemistry of Silicate Atmospheres of Evaporating Super-Earths}",
  journal = {Astrophysical Journal Letters},
archivePrefix = "arXiv",
   eprint = {0906.1204},
 keywords = {astrochemistry, atmospheric effects, planets and satellites: general},
     year = 2009,
    month = oct,
   volume = 703,
    pages = {L113-L117},
      doi = {10.1088/0004-637X/703/2/L113},
   adsurl = {http://adsabs.harvard.edu/abs/2009ApJ...703L.113S},
  adsnote = {Provided by the SAO/NASA Astrophysics Data System}
}
@ARTICLE{2007ApJ...665.1413V,
   author = {{Valencia}, D. and {Sasselov}, D.~D. and {O'Connell}, R.~J.},
    title = "{Detailed Models of Super-Earths: How Well Can We Infer Bulk Properties?}",
  journal = {Astrophysical Journal},
archivePrefix = "arXiv",
   eprint = {0704.3454},
 keywords = {Earth, Stars: Planetary Systems, Planets and Satellites: General},
     year = 2007,
    month = aug,
   volume = 665,
    pages = {1413-1420},
      doi = {10.1086/519554},
   adsurl = {http://adsabs.harvard.edu/abs/2007ApJ...665.1413V},
  adsnote = {Provided by the SAO/NASA Astrophysics Data System}
}

@ARTICLE{2006ApJ...642..495F,
   author = {{Fortney}, J.~J. and {Saumon}, D. and {Marley}, M.~S. and {Lodders}, K. and 
	{Freedman}, R.~S.},
    title = "{Atmosphere, Interior, and Evolution of the Metal-rich Transiting Planet HD 149026b}",
  journal = {Astrophysical Journal},
   eprint = {arXiv:astro-ph/0507422},
 keywords = {Stars: Binaries: Eclipsing, Stars: Planetary Systems, Radiative Transfer, stars: individual (HD 149026), stars: individual (HD 189733)},
     year = 2006,
    month = may,
   volume = 642,
    pages = {495-504},
      doi = {10.1086/500920},
   adsurl = {http://adsabs.harvard.edu/abs/2006ApJ...642..495F},
  adsnote = {Provided by the SAO/NASA Astrophysics Data System}
}

@ARTICLE{2010ApJ...724L..53S,
   author = {{Schlaufman}, K.~C. and {Lin}, D.~N.~C. and {Ida}, S.},
    title = "{A Population of Very Hot Super-Earths in Multiple-planet Systems Should be Uncovered by Kepler}",
  journal = {Astrophysical Journal Letters},
archivePrefix = "arXiv",
   eprint = {1010.3705},
 primaryClass = "astro-ph.EP",
 keywords = {planetary systems, planets and satellites: formation, planets and satellites: individual: CoRoT-7, planet-star interactions},
     year = 2010,
    month = nov,
   volume = 724,
    pages = {L53-L58},
      doi = {10.1088/2041-8205/724/1/L53},
   adsurl = {http://adsabs.harvard.edu/abs/2010ApJ...724L..53S},
  adsnote = {Provided by the SAO/NASA Astrophysics Data System}
}

@ARTICLE{2006MNRAS.373..231P,
   author = {{Pont}, F. and {Zucker}, S. and {Queloz}, D.},
    title = "{The effect of red noise on planetary transit detection}",
  journal = {Monthly Notices of the Royal Astronomical Society},
   eprint = {arXiv:astro-ph/0608597},
 keywords = {methods: data analysis, methods: statistical, techniques: photometric, surveys, planetary systems},
     year = 2006,
    month = nov,
   volume = 373,
    pages = {231-242},
      doi = {10.1111/j.1365-2966.2006.11012.x},
   adsurl = {http://adsabs.harvard.edu/abs/2006MNRAS.373..231P},
  adsnote = {Provided by the SAO/NASA Astrophysics Data System}
}

@ARTICLE{2011Natur.480..496C,
   author = {{Charpinet}, S. and {Fontaine}, G. and {Brassard}, P. and {Green}, E.~M. and 
	{van Grootel}, V. and {Randall}, S.~K. and {Silvotti}, R. and 
	{Baran}, A.~S. and {{\O}stensen}, R.~H. and {Kawaler}, S.~D. and 
	{Telting}, J.~H.},
    title = "{A compact system of small planets around a former red-giant star}",
  journal = {Nature},
     year = 2011,
    month = dec,
   volume = 480,
    pages = {496-499},
      doi = {10.1038/nature10631},
   adsurl = {http://adsabs.harvard.edu/abs/2011Natur.480..496C},
  adsnote = {Provided by the SAO/NASA Astrophysics Data System}
}

@ARTICLE{2012MNRAS.422.1761A,
   author = {{Arras}, P. and {Burkart}, J. and {Quataert}, E. and {Weinberg}, N.~N.
	},
    title = "{The radial velocity signature of tides raised in stars hosting exoplanets}",
  journal = {Monthly Notices of the Royal Astronomical Society},
archivePrefix = "arXiv",
   eprint = {1107.6005},
 primaryClass = "astro-ph.SR",
 keywords = {hydrodynamics, waves, planet-star interactions, planetary systems, stars: solar-type},
     year = 2012,
    month = may,
   volume = 422,
    pages = {1761-1766},
      doi = {10.1111/j.1365-2966.2012.20756.x},
   adsurl = {http://adsabs.harvard.edu/abs/2012MNRAS.422.1761A},
  adsnote = {Provided by the SAO/NASA Astrophysics Data System}
}

@ARTICLE{2008ApJ...679..783P,
   author = {{Pfahl}, E. and {Arras}, P. and {Paxton}, B.},
    title = "{Ellipsoidal Oscillations Induced by Substellar Companions: A Prospect for the Kepler Mission}",
  journal = {Astrophysical Journal},
archivePrefix = "arXiv",
   eprint = {0704.1910},
 keywords = {Stars: Planetary Systems, Stars: Oscillations, Techniques: Photometric},
     year = 2008,
    month = may,
   volume = 679,
    pages = {783-796},
      doi = {10.1086/586878},
   adsurl = {http://adsabs.harvard.edu/abs/2008ApJ...679..783P},
  adsnote = {Provided by the SAO/NASA Astrophysics Data System}
}

@ARTICLE{2011ApJ...728..152T,
   author = {{Trammell}, G.~B. and {Arras}, P. and {Li}, Z.-Y.},
    title = "{Hot Jupiter Magnetospheres}",
  journal = {Astrophysical Journal},
archivePrefix = "arXiv",
   eprint = {1011.0017},
 primaryClass = "astro-ph.EP",
 keywords = {line: profiles, magnetohydrodynamics: MHD, planets and satellites: atmospheres, planets and satellites: individual: HD 209458b, planets and satellites: magnetic fields, planet-star interactions},
     year = 2011,
    month = feb,
   volume = 728,
      eid = {152},
    pages = {152},
      doi = {10.1088/0004-637X/728/2/152},
   adsurl = {http://adsabs.harvard.edu/abs/2011ApJ...728..152T},
  adsnote = {Provided by the SAO/NASA Astrophysics Data System}
}

@ARTICLE{2010ApJ...713L..87J,
   author = {{Jenkins}, J.~M. and {Caldwell}, D.~A. and {Chandrasekaran}, H. and 
	{Twicken}, J.~D. and {Bryson}, S.~T. and {Quintana}, E.~V. and 
	{Clarke}, B.~D. and {Li}, J. and {Allen}, C. and {Tenenbaum}, P. and 
	{Wu}, H. and {Klaus}, T.~C. and {Middour}, C.~K. and {Cote}, M.~T. and 
	{McCauliff}, S. and {Girouard}, F.~R. and {Gunter}, J.~P. and 
	{Wohler}, B. and {Sommers}, J. and {Hall}, J.~R. and {Uddin}, A.~K. and 
	{Wu}, M.~S. and {Bhavsar}, P.~A. and {Van Cleve}, J. and {Pletcher}, D.~L. and 
	{Dotson}, J.~A. and {Haas}, M.~R. and {Gilliland}, R.~L. and 
	{Koch}, D.~G. and {Borucki}, W.~J.},
    title = "{Overview of the Kepler Science Processing Pipeline}",
  journal = {Astrophysical Journal Letters},
archivePrefix = "arXiv",
   eprint = {1001.0258},
 primaryClass = "astro-ph.EP",
 keywords = {methods: data analysis, techniques: photometric},
     year = 2010,
    month = apr,
   volume = 713,
    pages = {L87-L91},
      doi = {10.1088/2041-8205/713/2/L87},
   adsurl = {http://adsabs.harvard.edu/abs/2010ApJ...713L..87J},
  adsnote = {Provided by the SAO/NASA Astrophysics Data System}
}

@ARTICLE{2010Sci...330..653H,
   author = {{Howard}, A.~W. and {Marcy}, G.~W. and {Johnson}, J.~A. and 
	{Fischer}, D.~A. and {Wright}, J.~T. and {Isaacson}, H. and 
	{Valenti}, J.~A. and {Anderson}, J. and {Lin}, D.~N.~C. and 
	{Ida}, S.},
    title = "{The Occurrence and Mass Distribution of Close-in Super-Earths, Neptunes, and Jupiters}",
  journal = {Science},
archivePrefix = "arXiv",
   eprint = {1011.0143},
 primaryClass = "astro-ph.EP",
     year = 2010,
    month = oct,
   volume = 330,
    pages = {653-},
      doi = {10.1126/science.1194854},
   adsurl = {http://adsabs.harvard.edu/abs/2010Sci...330..653H},
  adsnote = {Provided by the SAO/NASA Astrophysics Data System}
}

@ARTICLE{2012MNRAS.425.2778M,
   author = {{Metzger}, B.~D. and {Giannios}, D. and {Spiegel}, D.~S.},
    title = "{Optical and X-ray transients from planet-star mergers}",
  journal = {\mnras},
archivePrefix = "arXiv",
   eprint = {1204.0796},
 primaryClass = "astro-ph.EP",
 keywords = {accretion, accretion discs, novae, cataclysmic variables, planetary systems, X-rays: stars},
     year = 2012,
    month = oct,
   volume = 425,
    pages = {2778-2798},
      doi = {10.1111/j.1365-2966.2012.21444.x},
   adsurl = {http://adsabs.harvard.edu/abs/2012MNRAS.425.2778M},
  adsnote = {Provided by the SAO/NASA Astrophysics Data System}
}

@ARTICLE{2009Natur.462..189I,
   author = {{Israelian}, G. and {Delgado Mena}, E. and {Santos}, N.~C. and 
	{Sousa}, S.~G. and {Mayor}, M. and {Udry}, S. and {Dom{\'{\i}}nguez Cerde{\~n}a}, C. and 
	{Rebolo}, R. and {Randich}, S.},
    title = "{Enhanced lithium depletion in Sun-like stars with orbiting planets}",
  journal = {Nature},
archivePrefix = "arXiv",
   eprint = {0911.4198},
 primaryClass = "astro-ph.SR",
     year = 2009,
    month = nov,
   volume = 462,
    pages = {189-191},
      doi = {10.1038/nature08483},
   adsurl = {http://adsabs.harvard.edu/abs/2009Natur.462..189I},
  adsnote = {Provided by the SAO/NASA Astrophysics Data System}
}


@ARTICLE{2002ApJ...572.1012S,
   author = {{Sandquist}, E.~L. and {Dokter}, J.~J. and {Lin}, D.~N.~C. and 
	{Mardling}, R.~A.},
    title = "{A Critical Examination of Li Pollution and Giant-Planet Consumption by a Host Star}",
  journal = {Astrophysical Journal},
   eprint = {arXiv:astro-ph/0202527},
 keywords = {Stars: Planetary Systems, Stars: Planetary Systems: Formation, Stars: Abundances, Stars: Individual: Henry Draper Number: HD 82943},
     year = 2002,
    month = jun,
   volume = 572,
    pages = {1012-1023},
      doi = {10.1086/340452},
   adsurl = {http://adsabs.harvard.edu/abs/2002ApJ...572.1012S},
  adsnote = {Provided by the SAO/NASA Astrophysics Data System}
}


@ARTICLE{2012arXiv1202.5852B,
   author = {{Batalha}, N.~M. and {Rowe}, J.~F. and {Bryson}, S.~T. and {Barclay}, T. and 
	{Burke}, C.~J. and {Caldwell}, D.~A. and {Christiansen}, J.~L. and 
	{Mullally}, F. and {Thompson}, S.~E. and {Brown}, T.~M. and 
	{Dupree}, A.~K. and {Fabrycky}, D.~C. and {Ford}, E.~B. and 
	{Fortney}, J.~J. and {Gilliland}, R.~L. and {Isaacson}, H. and 
	{Latham}, D.~W. and {Marcy}, G.~W. and {Quinn}, S. and {Ragozzine}, D. and 
	{Shporer}, A. and {Borucki}, W.~J. and {Ciardi}, D.~R. and {Gautier}, III, T.~N. and 
	{Haas}, M.~R. and {Jenkins}, J.~M. and {Koch}, D.~G. and {Lissauer}, J.~J. and 
	{Rapin}, W. and {Basri}, G.~S. and {Boss}, A.~P. and {Buchhave}, L.~A. and 
	{Charbonneau}, D. and {Christensen-Dalsgaard}, J. and {Clarke}, B.~D. and 
	{Cochran}, W.~D. and {Demory}, B.-O. and {Devore}, E. and {Esquerdo}, G.~A. and 
	{Everett}, M. and {Fressin}, F. and {Geary}, J.~C. and {Girouard}, F.~R. and 
	{Gould}, A. and {Hall}, J.~R. and {Holman}, M.~J. and {Howard}, A.~W. and 
	{Howell}, S.~B. and {Ibrahim}, K.~A. and {Kinemuchi}, K. and 
	{Kjeldsen}, H. and {Klaus}, T.~C. and {Li}, J. and {Lucas}, P.~W. and 
	{Morris}, R.~L. and {Prsa}, A. and {Quintana}, E. and {Sanderfer}, D.~T. and 
	{Sasselov}, D. and {Seader}, S.~E. and {Smith}, J.~C. and {Steffen}, J.~H. and 
	{Still}, M. and {Stumpe}, M.~C. and {Tarter}, J.~C. and {Tenenbaum}, P. and 
	{Torres}, G. and {Twicken}, J.~D. and {Uddin}, K. and {Van Cleve}, J. and 
	{Walkowicz}, L. and {Welsh}, W.~F.},
    title = "{Planetary Candidates Observed by Kepler, III: Analysis of the First 16 Months of Data}",
  journal = {ArXiv e-prints},
archivePrefix = "arXiv",
   eprint = {1202.5852},
 primaryClass = "astro-ph.EP",
 keywords = {Astrophysics - Earth and Planetary Astrophysics},
     year = 2012,
    month = feb,
   adsurl = {http://adsabs.harvard.edu/abs/2012arXiv1202.5852B},
  adsnote = {Provided by the SAO/NASA Astrophysics Data System}
}

@ARTICLE{1975ApJ...198..383L,
   author = {{Lubow}, S.~H. and {Shu}, F.~H.},
    title = "{Gas dynamics of semidetached binaries}",
  journal = {Astrophysical Journal},
 keywords = {BINARY STARS, GAS DYNAMICS, ROCHE LIMIT, STELLAR WINDS, CELESTIAL MECHANICS, ORBITAL VELOCITY, STELLAR MOTIONS, STELLAR ROTATION},
     year = 1975,
    month = jun,
   volume = 198,
    pages = {383-405},
      doi = {10.1086/153614},
   adsurl = {http://adsabs.harvard.edu/abs/1975ApJ...198..383L},
  adsnote = {Provided by the SAO/NASA Astrophysics Data System}
}

@ARTICLE{1972ApJ...171..565S,
   author = {{Skumanich}, A.},
    title = "{Time Scales for CA II Emission Decay, Rotational Braking, and Lithium Depletion}",
  journal = {Astrophysical Journal},
     year = 1972,
    month = feb,
   volume = 171,
    pages = {565},
      doi = {10.1086/151310},
   adsurl = {http://adsabs.harvard.edu/abs/1972ApJ...171..565S},
  adsnote = {Provided by the SAO/NASA Astrophysics Data System}
}
@ARTICLE{2010A&A...514A..72L,
   author = {{Lecavelier Des Etangs}, A. and {Ehrenreich}, D. and {Vidal-Madjar}, A. and 
	{Ballester}, G.~E. and {D{\'e}sert}, J.-M. and {Ferlet}, R. and 
	{H{\'e}brard}, G. and {Sing}, D.~K. and {Tchakoumegni}, K.-O. and 
	{Udry}, S.},
    title = "{Evaporation of the planet HD 189733b observed in H I Lyman-{$\alpha$}}",
  journal = {Astronomy \& Astrophysics},
 keywords = {planetary systems, stars: individual: HD 189733},
     year = 2010,
    month = may,
   volume = 514,
      eid = {A72},
    pages = {A72},
      doi = {10.1051/0004-6361/200913347},
   adsurl = {http://adsabs.harvard.edu/abs/2010A%26A...514A..72L},
  adsnote = {Provided by the SAO/NASA Astrophysics Data System}
}
@ARTICLE{2003Natur.422..143V,
   author = {{Vidal-Madjar}, A. and {Lecavelier des Etangs}, A. and {D{\'e}sert}, J.-M. and 
	{Ballester}, G.~E. and {Ferlet}, R. and {H{\'e}brard}, G. and 
	{Mayor}, M.},
    title = "{An extended upper atmosphere around the extrasolar planet HD209458b}",
  journal = {Nature},
     year = 2003,
    month = mar,
   volume = 422,
    pages = {143-146},
      doi = {10.1038/nature01448},
   adsurl = {http://adsabs.harvard.edu/abs/2003Natur.422..143V},
  adsnote = {Provided by the SAO/NASA Astrophysics Data System}
}

@ARTICLE{2010Natur.463.1054L,
   author = {{Li}, S.-L. and {Miller}, N. and {Lin}, D.~N.~C. and {Fortney}, J.~J.
	},
    title = "{WASP-12b as a prolate, inflated and disrupting planet from tidal dissipation}",
  journal = {Nature},
archivePrefix = "arXiv",
   eprint = {1002.4608},
 primaryClass = "astro-ph.EP",
     year = 2010,
    month = feb,
   volume = 463,
    pages = {1054-1056},
      doi = {10.1038/nature08715},
   adsurl = {http://adsabs.harvard.edu/abs/2010Natur.463.1054L},
  adsnote = {Provided by the SAO/NASA Astrophysics Data System}
}


@ARTICLE{2009ApJ...693.1920H,
   author = {{Hebb}, L. and {Collier-Cameron}, A. and {Loeillet}, B. and 
	{Pollacco}, D. and {H{\'e}brard}, G. and {Street}, R.~A. and 
	{Bouchy}, F. and {Stempels}, H.~C. and {Moutou}, C. and {Simpson}, E. and 
	{Udry}, S. and {Joshi}, Y.~C. and {West}, R.~G. and {Skillen}, I. and 
	{Wilson}, D.~M. and {McDonald}, I. and {Gibson}, N.~P. and {Aigrain}, S. and 
	{Anderson}, D.~R. and {Benn}, C.~R. and {Christian}, D.~J. and 
	{Enoch}, B. and {Haswell}, C.~A. and {Hellier}, C. and {Horne}, K. and 
	{Irwin}, J. and {Lister}, T.~A. and {Maxted}, P. and {Mayor}, M. and 
	{Norton}, A.~J. and {Parley}, N. and {Pont}, F. and {Queloz}, D. and 
	{Smalley}, B. and {Wheatley}, P.~J.},
    title = "{WASP-12b: The Hottest Transiting Extrasolar Planet Yet Discovered}",
  journal = {Astrophysical Journal},
archivePrefix = "arXiv",
   eprint = {0812.3240},
 keywords = {planetary systems, techniques: photometric, techniques: radial velocities},
     year = 2009,
    month = mar,
   volume = 693,
    pages = {1920-1928},
      doi = {10.1088/0004-637X/693/2/1920},
   adsurl = {http://adsabs.harvard.edu/abs/2009ApJ...693.1920H},
  adsnote = {Provided by the SAO/NASA Astrophysics Data System}
}

@ARTICLE{2010ApJ...714L.222F,
   author = {{Fossati}, L. and {Haswell}, C.~A. and {Froning}, C.~S. and 
	{Hebb}, L. and {Holmes}, S. and {Kolb}, U. and {Helling}, C. and 
	{Carter}, A. and {Wheatley}, P. and {Collier Cameron}, A. and 
	{Loeillet}, B. and {Pollacco}, D. and {Street}, R. and {Stempels}, H.~C. and 
	{Simpson}, E. and {Udry}, S. and {Joshi}, Y.~C. and {West}, R.~G. and 
	{Skillen}, I. and {Wilson}, D.},
    title = "{Metals in the Exosphere of the Highly Irradiated Planet WASP-12b}",
  journal = {Astrophysical Journal Letters},
archivePrefix = "arXiv",
   eprint = {1005.3656},
 primaryClass = "astro-ph.SR",
 keywords = {stars: individual: WASP-12},
     year = 2010,
    month = may,
   volume = 714,
    pages = {L222-L227},
      doi = {10.1088/2041-8205/714/2/L222},
   adsurl = {http://adsabs.harvard.edu/abs/2010ApJ...714L.222F},
  adsnote = {Provided by the SAO/NASA Astrophysics Data System}
}

@ARTICLE{2007ApJ...661.1180O,
   author = {{Ogilvie}, G.~I. and {Lin}, D.~N.~C.},
    title = "{Tidal Dissipation in Rotating Solar-Type Stars}",
  journal = {Astrophysical Journal},
   eprint = {arXiv:astro-ph/0702492},
 keywords = {Stars: Binaries: Close, Hydrodynamics, Stars: Planetary Systems, Stars: Oscillations, Waves},
     year = 2007,
    month = jun,
   volume = 661,
    pages = {1180-1191},
      doi = {10.1086/515435},
   adsurl = {http://adsabs.harvard.edu/abs/2007ApJ...661.1180O},
  adsnote = {Provided by the SAO/NASA Astrophysics Data System}
}

@ARTICLE{1966Icar....5..375G,
   author = {{Goldreich}, P. and {Soter}, S.},
    title = "{Q in the Solar System}",
  journal = {Icarus},
     year = 1966,
   volume = 5,
    pages = {375-389},
      doi = {10.1016/0019-1035(66)90051-0},
   adsurl = {http://adsabs.harvard.edu/abs/1966Icar....5..375G},
  adsnote = {Provided by the SAO/NASA Astrophysics Data System}
}

@ARTICLE{1998ApJ...500..428T,
   author = {{Trilling}, D.~E. and {Benz}, W. and {Guillot}, T. and {Lunine}, J.~I. and 
	{Hubbard}, W.~B. and {Burrows}, A.},
    title = "{Orbital Evolution and Migration of Giant Planets: Modeling Extrasolar Planets}",
  journal = {Astrophysical Journal},
   eprint = {arXiv:astro-ph/9801292},
 keywords = {ACCRETION, ACCRETION DISKS, STARS: CIRCUMSTELLAR MATTER, STARS: PLANETARY SYSTEMS},
     year = 1998,
    month = jun,
   volume = 500,
    pages = {428},
      doi = {10.1086/305711},
   adsurl = {http://adsabs.harvard.edu/abs/1998ApJ...500..428T},
  adsnote = {Provided by the SAO/NASA Astrophysics Data System}
}

@ARTICLE{2005Icar..175..248F,
   author = {{Faber}, J.~A. and {Rasio}, F.~A. and {Willems}, B.},
    title = "{Tidal interactions and disruptions of giant planets on highly eccentric orbits}",
  journal = {Icarus},
   eprint = {arXiv:astro-ph/0407318},
     year = 2005,
    month = may,
   volume = 175,
    pages = {248-262},
      doi = {10.1016/j.icarus.2004.10.021},
   adsurl = {http://adsabs.harvard.edu/abs/2005Icar..175..248F},
  adsnote = {Provided by the SAO/NASA Astrophysics Data System}
}

@ARTICLE{2003ApJ...588..509G,
   author = {{Gu}, P.-G. and {Lin}, D.~N.~C. and {Bodenheimer}, P.~H.},
    title = "{The Effect of Tidal Inflation Instability on the Mass and Dynamical Evolution of Extrasolar Planets with Ultrashort Periods}",
  journal = {Astrophysical Journal},
   eprint = {arXiv:astro-ph/0303362},
 keywords = {Stars: Planetary Systems: Formation, Stars: Planetary Systems: Protoplanetary Disks},
     year = 2003,
    month = may,
   volume = 588,
    pages = {509-534},
      doi = {10.1086/373920},
   adsurl = {http://adsabs.harvard.edu/abs/2003ApJ...588..509G},
  adsnote = {Provided by the SAO/NASA Astrophysics Data System}
}


@ARTICLE{2008ApSS.316...31D,
   author = {{Demarque}, P. and {Guenther}, D.~B. and {Li}, L.~H. and {Mazumdar}, A. and 
	{Straka}, C.~W.},
    title = "{YREC: the Yale rotating stellar evolution code. Non-rotating version, seismology applications}",
  journal = {Astrophysics and Space Science},
archivePrefix = "arXiv",
   eprint = {0710.4003},
     year = 2008,
    month = aug,
   volume = 316,
    pages = {31-41},
      doi = {10.1007/s10509-007-9698-y},
   adsurl = {http://adsabs.harvard.edu/abs/2008Ap%26SS.316...31D},
  adsnote = {Provided by the SAO/NASA Astrophysics Data System}
}

@BOOK{1984plin.book.....H,
   author = {{Hubbard}, W.~B.},
    title = "{Planetary interiors}",
 keywords = {GAS GIANT PLANETS, PLANETARY STRUCTURE, SOLAR SYSTEM, TERRESTRIAL PLANETS, HEAT TRANSFER, JUPITER (PLANET), LUNAR ENVIRONMENT, MARS (PLANET), MERCURY (PLANET), NEPTUNE (PLANET), PLANETARY COMPOSITION, PLANETARY MAGNETIC FIELDS, URANUS (PLANET), VENUS (PLANET)},
booktitle = {New York, Van Nostrand Reinhold Co., 1984, 343 p.},
     year = 1984,
   editor = "{Hubbard, W.~B.}",
   adsurl = {http://adsabs.harvard.edu/abs/1984plin.book.....H},
  adsnote = {Provided by the SAO/NASA Astrophysics Data System}
}
@ARTICLE{1973ApJ...180..307C,
   author = {{Counselman}, III, C.~C.},
    title = "{Outcomes of Tidal Evolution}",
  journal = {Astrophysical Journal},
     year = 1973,
    month = feb,
   volume = 180,
    pages = {307-316},
      doi = {10.1086/151964},
   adsurl = {http://adsabs.harvard.edu/abs/1973ApJ...180..307C},
  adsnote = {Provided by the SAO/NASA Astrophysics Data System}
}

@ARTICLE{2009ApJ...692L...9L,
   author = {{Levrard}, B. and {Winisdoerffer}, C. and {Chabrier}, G.},
    title = "{Falling Transiting Extrasolar Giant Planets}",
  journal = {Astrophysical Journal Letters},
archivePrefix = "arXiv",
   eprint = {0901.2048},
 primaryClass = "astro-ph.EP",
 keywords = {celestial mechanics, planetary systems: formation, planetary systems: protoplanetary disks},
     year = 2009,
    month = feb,
   volume = 692,
    pages = {L9-L13},
      doi = {10.1088/0004-637X/692/1/L9},
   adsurl = {http://adsabs.harvard.edu/abs/2009ApJ...692L...9L},
  adsnote = {Provided by the SAO/NASA Astrophysics Data System}
}

@INPROCEEDINGS{2010AAS...21533905J,
   author = {{Jackson}, B. and {Barnes}, R. and {Raymond}, S.~N. and {Fortney}, J. and 
	{Greenberg}, R.},
    title = "{Is CoRoT-7 B the Remnant Core of an Evaporated Gas Giant?}",
booktitle = {American Astronomical Society Meeting Abstracts \#215},
     year = 2010,
   volume = 42,
    month = jan,
    pages = {339.05},
   adsurl = {http://adsabs.harvard.edu/abs/2010AAS...21533905J},
  adsnote = {Provided by the SAO/NASA Astrophysics Data System}
}

@INPROCEEDINGS{2010DPS....42.5601J,
   author = {{Jackson}, B.},
    title = "{Hermean Atmospheres of Hot Rocky Exoplanets}",
booktitle = {AAS/Division for Planetary Sciences Meeting Abstracts \#42},
     year = 2010,
   volume = 42,
    month = oct,
    pages = {1078},
   adsurl = {http://adsabs.harvard.edu/abs/2010DPS....42.5601J},
  adsnote = {Provided by the SAO/NASA Astrophysics Data System}
}

@INPROCEEDINGS{CoolStars2010,
   author = {{Jackson}, B. and {Debes}, J.},
    title = "{Effects of Tidal Evolution of Hot Jupiters on Transit Surveys}",
booktitle = {Cool Stars Conference Abstracts 16},
     year = 2010,
}

@INPROCEEDINGS{2011AAS...21740206J,
   author = {{Jackson}, B. and {Penev}, K. and {Barnes}, R.},
    title = "{Constraining Tidal Dissipation in Stars and Destruction Rates of Exoplanets}",
booktitle = {American Astronomical Society Meeting Abstracts 217},
     year = 2011,
   volume = 43,
    month = jan,
    pages = {402.06},
   adsurl = {http://adsabs.harvard.edu/abs/2011AAS...21740206J},
  adsnote = {Provided by the SAO/NASA Astrophysics Data System}
}

@ARTICLE{2011ESS.....2.0306J,
   author = {{Jackson}, B. and {Deming}, D.},
    title = "{The Effects of Tidal Distortion on Transit Lightcurves}",
  journal = {American Astronomical Society, ESS meeting},
     year = 2011,
    month = sep,
   volume = 2,
    pages = {306},
   adsurl = {http://adsabs.harvard.edu/abs/2011ESS.....2.0306J},
  adsnote = {Provided by the SAO/NASA Astrophysics Data System}
}

@INPROCEEDINGS{2011epsc.conf..172J,
   author = {{Jackson}, B. and {Deming}, D.},
    title = "{The Effects of Tidal Distortion on Transit Lightcurves}",
booktitle = {EPSC-DPS Joint Meeting 2011},
     year = 2011,
    month = oct,
    pages = {172},
   adsurl = {http://adsabs.harvard.edu/abs/2011epsc.conf..172J},
  adsnote = {Provided by the SAO/NASA Astrophysics Data System}
}

@INBOOK{FormEvolExopl_Jackson,
   author = {{Jackson}, B. and {Barnes}, R. and {Greenberg}, R.},
    title = "{Tides and Exoplanets}",
booktitle = {Formation and Evolution of Exoplanets},
     year = 2010,
   editor = "{Barnes, R.}",
    pages = {243-266},
}

@ARTICLE{2012ApJ...751..112J,
   author = {{Jackson}, B.~K. and {Lewis}, N.~K. and {Barnes}, J.~W. and 
	{Drake Deming}, L. and {Showman}, A.~P. and {Fortney}, J.~J.
	},
    title = "{The EVIL-MC Model for Ellipsoidal Variations of Planet-hosting Stars and Applications to the HAT-P-7 System}",
  journal = {\apj},
archivePrefix = "arXiv",
   eprint = {1203.6070},
 primaryClass = "astro-ph.EP",
 keywords = {planets and satellites: fundamental parameters, planets and satellites: individual: HAT-P-7},
     year = 2012,
    month = jun,
   volume = 751,
      eid = {112},
    pages = {112},
      doi = {10.1088/0004-637X/751/2/112},
   adsurl = {http://adsabs.harvard.edu/abs/2012ApJ...751..112J},
  adsnote = {Provided by the SAO/NASA Astrophysics Data System}
}

@ARTICLE{2011ApJ...740...33D,
   author = {{Deming}, D. and {Sada}, P.~V. and {Jackson}, B. and {Peterson}, S.~W. and 
	{Agol}, E. and {Knutson}, H.~A. and {Jennings}, D.~E. and {Haase}, F. and 
	{Bays}, K.},
    title = "{Kepler and Ground-based Transits of the Exo-Neptune HAT-P-11b}",
  journal = {Astrophysical Journal},
archivePrefix = "arXiv",
   eprint = {1107.2977},
 primaryClass = "astro-ph.EP",
 keywords = {planetary systems, planets and satellites: general, stars: activity, starspots},
     year = 2011,
    month = oct,
   volume = 740,
      eid = {33},
    pages = {33},
      doi = {10.1088/0004-637X/740/1/33},
   adsurl = {http://adsabs.harvard.edu/abs/2011ApJ...740...33D},
  adsnote = {Provided by the SAO/NASA Astrophysics Data System}
}

@ARTICLE{2010MNRAS.407..910J,
   author = {{Jackson}, B. and {Miller}, N. and {Barnes}, R. and {Raymond}, S.~N. and 
	{Fortney}, J.~J. and {Greenberg}, R.},
    title = "{The roles of tidal evolution and evaporative mass loss in the origin of CoRoT-7 b}",
  journal = {Monthly Notices of the Royal Astronomical Society},
archivePrefix = "arXiv",
   eprint = {1005.2186},
 primaryClass = "astro-ph.EP",
 keywords = {celestial mechanics, planets and satellites: atmospheres, planets and satellites: individual: CoRoT-7 b},
     year = 2010,
    month = sep,
   volume = 407,
    pages = {910-922},
      doi = {10.1111/j.1365-2966.2010.17012.x},
   adsurl = {http://adsabs.harvard.edu/abs/2010MNRAS.407..910J},
  adsnote = {Provided by the SAO/NASA Astrophysics Data System}
}

@ARTICLE{2010ApJ...709L..95B,
   author = {{Barnes}, R. and {Raymond}, S.~N. and {Greenberg}, R. and {Jackson}, B. and 
	{Kaib}, N.~A.},
    title = "{CoRoT-7b: Super-Earth or Super-Io?}",
  journal = {Astrophysical Journal Letters},
archivePrefix = "arXiv",
   eprint = {0912.1337},
 primaryClass = "astro-ph.EP",
 keywords = {celestial mechanics, planets and satellites: individual: CoRoT-7b},
     year = 2010,
    month = feb,
   volume = 709,
    pages = {L95-L98},
      doi = {10.1088/2041-8205/709/2/L95},
   adsurl = {http://adsabs.harvard.edu/abs/2010ApJ...709L..95B},
  adsnote = {Provided by the SAO/NASA Astrophysics Data System}
}

@ARTICLE{2010ApJ...720L.215S,
   author = {{Sada}, P.~V. and {Deming}, D. and {Jackson}, B. and {Jennings}, D.~E. and 
	{Peterson}, S.~W. and {Haase}, F. and {Bays}, K. and {O'Gorman}, E. and 
	{Lundsford}, A.},
    title = "{Recent Transits of the Super-Earth Exoplanet GJ 1214b}",
  journal = {Astrophysical Journal Letters},
archivePrefix = "arXiv",
   eprint = {1008.1748},
 primaryClass = "astro-ph.EP",
 keywords = {eclipses, infrared: planetary systems, planets and satellites: fundamental parameters, techniques: photometric},
     year = 2010,
    month = sep,
   volume = 720,
    pages = {L215-L218},
      doi = {10.1088/2041-8205/720/2/L215},
   adsurl = {http://adsabs.harvard.edu/abs/2010ApJ...720L.215S},
  adsnote = {Provided by the SAO/NASA Astrophysics Data System}
}
@ARTICLE{2009ApJ...700L..30B,
   author = {{Barnes}, R. and {Jackson}, B. and {Greenberg}, R. and {Raymond}, S.~N.
	},
    title = "{Tidal Limits to Planetary Habitability}",
  journal = {Astrophysical Journal Letters},
archivePrefix = "arXiv",
   eprint = {0906.1785},
 primaryClass = "astro-ph.EP",
 keywords = {astrobiology, planetary systems, stars: individual: GJ 581, stars: low-mass, brown dwarfs},
     year = 2009,
    month = jul,
   volume = 700,
    pages = {L30-L33},
      doi = {10.1088/0004-637X/700/1/L30},
   adsurl = {http://adsabs.harvard.edu/abs/2009ApJ...700L..30B},
  adsnote = {Provided by the SAO/NASA Astrophysics Data System}
}
@ARTICLE{2009ApJ...695.1006B,
   author = {{Barnes}, R. and {Jackson}, B. and {Raymond}, S.~N. and {West}, A.~A. and 
	{Greenberg}, R.},
    title = "{The HD 40307 Planetary System: Super-Earths or Mini-Neptunes?}",
  journal = {Astrophysical Journal},
archivePrefix = "arXiv",
   eprint = {0901.1698},
 primaryClass = "astro-ph.EP",
 keywords = {methods: N-body simulations, planetary systems, stars: individual: HD 40307},
     year = 2009,
    month = apr,
   volume = 695,
    pages = {1006-1011},
      doi = {10.1088/0004-637X/695/2/1006},
   adsurl = {http://adsabs.harvard.edu/abs/2009ApJ...695.1006B},
  adsnote = {Provided by the SAO/NASA Astrophysics Data System}
}
@ARTICLE{2010A&A...514A..22H,
   author = {{Heller}, R. and {Jackson}, B. and {Barnes}, R. and {Greenberg}, R. and 
	{Homeier}, D.},
    title = "{Tidal effects on brown dwarfs: application to the eclipsing binary 2MASS J05352184-0546085. The anomalous temperature reversal in the context of tidal heating}",
  journal = {Astronomy \& Astrophysics},
archivePrefix = "arXiv",
   eprint = {1002.1246},
 primaryClass = "astro-ph.SR",
 keywords = {celestial mechanics, binaries: eclipsing, stars: evolution, stars: individual: 2MASSJ05352184-0546085, brown dwarfs},
     year = 2010,
    month = may,
   volume = 514,
      eid = {A22},
    pages = {A22},
      doi = {10.1051/0004-6361/200912826},
  adsnote = {Provided by the SAO/NASA Astrophysics Data System}
}

@ARTICLE{2009ApJ...698.1357J,
   author = {{Jackson}, B. and {Barnes}, R. and {Greenberg}, R.},
    title = "{Observational Evidence for Tidal Destruction of Exoplanets}",
  journal = {Astrophysical Journal},
archivePrefix = "arXiv",
   eprint = {0904.1170},
 primaryClass = "astro-ph.EP",
 keywords = {planetary systems: formation, planetary systems: protoplanetary disks},
     year = 2009,
    month = jun,
   volume = 698,
    pages = {1357-1366},
      doi = {10.1088/0004-637X/698/2/1357},
   adsurl = {http://adsabs.harvard.edu/abs/2009ApJ...698.1357J},
  adsnote = {Provided by the SAO/NASA Astrophysics Data System}
}
@ARTICLE{2009ApJ...702.1413M,
   author = {{Miller}, N. and {Fortney}, J.~J. and {Jackson}, B.},
    title = "{Inflating and Deflating Hot Jupiters: Coupled Tidal and Thermal Evolution of Known Transiting Planets}",
  journal = {Astrophysical Journal},
archivePrefix = "arXiv",
   eprint = {0907.1268},
 primaryClass = "astro-ph.EP",
 keywords = {planetary systems, planets and satellites: general},
     year = 2009,
    month = sep,
   volume = 702,
    pages = {1413-1427},
      doi = {10.1088/0004-637X/702/2/1413},
   adsurl = {http://adsabs.harvard.edu/abs/2009ApJ...702.1413M},
  adsnote = {Provided by the SAO/NASA Astrophysics Data System}
}
@ARTICLE{2008ApJ...678.1396J,
   author = {{Jackson}, B. and {Greenberg}, R. and {Barnes}, R.},
    title = "{Tidal Evolution of Close-in Extrasolar Planets}",
  journal = {Astrophysical Journal},
archivePrefix = "arXiv",
   eprint = {0802.1543},
 keywords = {Celestial Mechanics, Stars: Planetary Systems: Formation, Stars: Planetary Systems: Protoplanetary Disks},
     year = 2008,
    month = may,
   volume = 678,
    pages = {1396-1406},
      doi = {10.1086/529187},
   adsurl = {http://adsabs.harvard.edu/abs/2008ApJ...678.1396J},
  adsnote = {Provided by the SAO/NASA Astrophysics Data System}
}
